; purpose: verify NE K1 default SRU mapping when no #SRU tags present
#FLAGGA 0
#FORMAT PC8
#SIETYP 1
#FNAMN "Test Enskild Firma"
#ORGNR 198505151234
#RAR 0 20230101 20231231
#KONTO 1930 "Bankkonto"
#KTYP 1930 T
#UB 0 1930 80000.00
#KONTO 2010 "Eget kapital"
#KTYP 2010 S
#UB 0 2010 -30000.00
#KONTO 2440 "Leverantorsskulder"
#KTYP 2440 S
#UB 0 2440 -10000.00
#KONTO 3010 "Forsaljning"
#KTYP 3010 I
#RES 0 3010 -200000.00
#KONTO 4010 "Varuinkop"
#KTYP 4010 K
#RES 0 4010 50000.00
#KONTO 5010 "Lokalhyra"
#KTYP 5010 K
#RES 0 5010 30000.00
#KONTO 6200 "Tele och post"
#KTYP 6200 K
#RES 0 6200 5000.00
#KONTO 6500 "Ovriga tjanster"
#KTYP 6500 K
#RES 0 6500 15000.00
#KONTO 8310 "Ranteintakter"
#KTYP 8310 I
#RES 0 8310 -1000.00
