#FLAGGA 0
#FORMAT PC8
#SIETYP 4
#PROGRAM "Skattata Test" "1.0"
#GEN 20230630
#FNAMN "Period Test AB"
#RAR 0 20230101 20231231
#KONTO 1930 "Bankkonto"
#KTYP 1930 T
#KONTO 2081 "Aktiekapital"
#KTYP 2081 S
#KONTO 3010 "Försäljning"
#KTYP 3010 I
#KONTO 4010 "Inköp"
#KTYP 4010 K
#UB 0 1930 200000.00
#UB 0 2081 -200000.00
#RES 0 3010 -130000.00
#RES 0 4010 80000.00
#PSALDO 0 202301 1930 {} 80000.00
#PSALDO 0 202301 2081 {} -80000.00
#PSALDO 0 202301 3010 {} -50000.00
#PSALDO 0 202301 4010 {} 30000.00
#PSALDO 0 202304 1930 {} 120000.00
#PSALDO 0 202304 2081 {} -120000.00
#PSALDO 0 202304 3010 {} -80000.00
#PSALDO 0 202304 4010 {} 50000.00
