#FLAGGA 0
#FORMAT PC8
#SIETYP 4
#PROGRAM "Skattata Test" "1.0"
#GEN 20231231
#FNAMN "Expansion Test EF"
#RAR 0 20230101 20231231
#KONTO 1930 "Bankkonto"
#KTYP 1930 T
#KONTO 2081 "Eget kapital"
#KTYP 2081 S
#KONTO 2440 "Leverantörsskulder"
#KTYP 2440 S
#KONTO 3010 "Försäljning"
#KTYP 3010 I
#KONTO 4010 "Inköp"
#KTYP 4010 K
#IB 0 2081 -100000.00
#UB 0 2081 -300000.00
#IB 0 2440 -50000.00
#UB 0 2440 -80000.00
#UB 0 1930 380000.00
#RES 0 3010 -500000.00
#RES 0 4010 300000.00
