; original: Sie%201.SE | sietype: 1 | vendor: visma | source: unknown
#FLAGGA 0
#FORMAT PC8
#SIETYP 1
#PROGRAM "Visma Bokföring" 4.5
#GEN 20110304 
#FNAMN "Övningsbolaget AB"
#FNR "C:\\Documents and Settings\\All Users\\Application Data\\SPCS\\SPCS Bokf÷ring\\F÷retag\\ųvningsbolaget"
#ORGNR 556252-9155
#ADRESS "Sven Svensson" "Storgatan 1" "123 45 STORSTAD" 012-345678
#RAR 0 20100101 20101231
#TAXAR 2011 
#RAR -1 20090101 20091231
#KPTYP EUBAS97
#KONTO 1010 "Balanserade utgifter"
#KTYP 1010 T
#SRU 1010 7201
#KONTO 1018 "Ack nedskrivningar balanserade utg"
#KTYP 1018 T
#SRU 1018 7201
#KONTO 1019 "Ack avskrivningar balanserade utg"
#KTYP 1019 T
#SRU 1019 7201
#KONTO 1028 "Ack nedskrivningar koncessioner m.m."
#KTYP 1028 T
#SRU 1028 7201
#KONTO 1030 Patent
#KTYP 1030 T
#SRU 1030 7201
#KONTO 1038 "Ack nedskrivn patent"
#KTYP 1038 T
#SRU 1038 7201
#KONTO 1039 "Ack avskrivn patent"
#KTYP 1039 T
#SRU 1039 7201
#KONTO 1040 Licenser
#KTYP 1040 T
#SRU 1040 7201
#KONTO 1048 "Ack nedskrivn licenser"
#KTYP 1048 T
#SRU 1048 7201
#KONTO 1049 "Ack avskrivn licenser"
#KTYP 1049 T
#SRU 1049 7201
#KONTO 1050 Varumärken
#KTYP 1050 T
#SRU 1050 7201
#KONTO 1058 "Ack nedskrivn varumärken"
#KTYP 1058 T
#SRU 1058 7201
#KONTO 1059 "Ack avskrivn varumärken"
#KTYP 1059 T
#SRU 1059 7201
#KONTO 1060 Hyresrätt
#KTYP 1060 T
#SRU 1060 7201
#KONTO 1068 "Ack nedskrivn hyresrätt"
#KTYP 1068 T
#SRU 1068 7201
#KONTO 1069 "Ack avskrivn hyresrätt"
#KTYP 1069 T
#SRU 1069 7201
#KONTO 1070 Goodwill
#KTYP 1070 T
#SRU 1070 7201
#KONTO 1078 "Ack nedskrivn goodwill"
#KTYP 1078 T
#SRU 1078 7201
#KONTO 1079 "Ack avskrivn goodwill"
#KTYP 1079 T
#SRU 1079 7201
#KONTO 1110 Byggnader
#KTYP 1110 T
#SRU 1110 7214
#KONTO 1118 "Ack nedskrivn byggnader"
#KTYP 1118 T
#SRU 1118 7214
#KONTO 1119 "Ack avskrivn byggnader"
#KTYP 1119 T
#SRU 1119 7214
#KONTO 1130 Mark
#KTYP 1130 T
#SRU 1130 7214
#KONTO 1140 "Tomter, markomr obebyggda"
#KTYP 1140 T
#SRU 1140 7214
#KONTO 1150 Markanläggningar
#KTYP 1150 T
#SRU 1150 7214
#KONTO 1158 "Ack nedskrivn markanläggn"
#KTYP 1158 T
#SRU 1158 7214
#KONTO 1159 "Ack avskrivn markanläggn"
#KTYP 1159 T
#SRU 1159 7214
#KONTO 1210 "Maskiner och andra tekniska anläggningar"
#KTYP 1210 T
#SRU 1210 7215
#KONTO 1211 Arbetsmaskiner
#KTYP 1211 T
#SRU 1211 7215
#KONTO 1218 "Ack nedskrivn maskiner/tekn anl"
#KTYP 1218 T
#SRU 1218 7215
#KONTO 1219 "Ack avskrivn arb.maskiner"
#KTYP 1219 T
#SRU 1219 7215
#KONTO 1220 "Inventarier och verktyg"
#KTYP 1220 T
#SRU 1220 7215
#KONTO 1221 Inventarier
#KTYP 1221 T
#SRU 1221 7215
#KONTO 1222 Byggnadsinventarier
#KTYP 1222 T
#SRU 1222 7215
#KONTO 1223 Markinventarier
#KTYP 1223 T
#SRU 1223 7215
#KONTO 1225 Verktyg
#KTYP 1225 T
#SRU 1225 7215
#KONTO 1228 "Ack nedskrivn inv/verktyg"
#KTYP 1228 T
#SRU 1228 7215
#KONTO 1229 "Ack avskrivn inv/verktyg"
#KTYP 1229 T
#SRU 1229 7215
#KONTO 1230 Installationer
#KTYP 1230 T
#SRU 1230 7215
#KONTO 1238 "Ack nedskrivn installationer"
#KTYP 1238 T
#SRU 1238 7215
#KONTO 1239 "Ack avskrivn maskiner och inv"
#KTYP 1239 T
#SRU 1239 7215
#KONTO 1240 "Bilar och andra transportmedel"
#KTYP 1240 T
#SRU 1240 7215
#KONTO 1241 Personbilar
#KTYP 1241 T
#SRU 1241 7215
#KONTO 1242 Lastbilar
#KTYP 1242 T
#SRU 1242 7215
#KONTO 1243 Truckar
#KTYP 1243 T
#SRU 1243 7215
#KONTO 1244 Arbetsmaskiner
#KTYP 1244 T
#SRU 1244 7215
#KONTO 1245 Traktorer
#KTYP 1245 T
#SRU 1245 7215
#KONTO 1246 "Motorcyklar, mopeder och skotrar"
#KTYP 1246 T
#SRU 1246 7215
#KONTO 1247 "Båtar, flygplan och helikoptrar"
#KTYP 1247 T
#SRU 1247 7215
#KONTO 1248 "Ack nedskr bilar/transportmedel"
#KTYP 1248 T
#SRU 1248 7215
#KONTO 1249 "Ack avskr bilar/transportmedel"
#KTYP 1249 T
#SRU 1249 7215
#KONTO 1250 Datorer
#KTYP 1250 T
#SRU 1250 7215
#KONTO 1251 "Datorer, företaget"
#KTYP 1251 T
#SRU 1251 7215
#KONTO 1257 "Datorer, personal"
#KTYP 1257 T
#SRU 1257 7215
#KONTO 1258 "Ack nedskrivn datorer"
#KTYP 1258 T
#SRU 1258 7215
#KONTO 1259 "Ack avskrivn datorer"
#KTYP 1259 T
#SRU 1259 7215
#KONTO 1260 "Leasade tillgångar"
#KTYP 1260 T
#SRU 1260 7215
#KONTO 1270 Anläggningsdjur
#KTYP 1270 T
#SRU 1270 7215
#KONTO 1279 "Ack avskrivn anläggningsdjur"
#KTYP 1279 T
#SRU 1279 7215
#KONTO 1290 "Övriga materiella anläggningstillgångar"
#KTYP 1290 T
#SRU 1290 7215
#KONTO 1291 "Konst o ej avskrivn invent"
#KTYP 1291 T
#SRU 1291 7215
#KONTO 1298 "Ack nedskr övr mat anläggningstillgångar"
#KTYP 1298 T
#SRU 1298 7215
#KONTO 1299 "Ack avskr övriga mat anläggningstillgång"
#KTYP 1299 T
#SRU 1299 7215
#KONTO 1311 "Aktier sv dotterföretag"
#KTYP 1311 T
#SRU 1311 7230
#KONTO 1312 "Aktier utl dotterföretag"
#KTYP 1312 T
#SRU 1312 7230
#KONTO 1314 "Aktier/and övr utl konc.ftg"
#KTYP 1314 T
#SRU 1314 7230
#KONTO 1318 "Ack nedskrivn andelar koncern"
#KTYP 1318 T
#SRU 1318 7230
#KONTO 1330 "Aktier, andra sv företag"
#KTYP 1330 T
#SRU 1330 7231
#KONTO 1338 "Ack nedskrivn andelar int.ftg"
#KTYP 1338 T
#SRU 1338 7231
#KONTO 1350 "Andelar/värdepapper andra ftg"
#KTYP 1350 T
#SRU 1350 7233
#KONTO 1354 "Obligationer, värdepapper"
#KTYP 1354 T
#SRU 1354 7233
#KONTO 1358 "Ack nedskrivn andel/värdepapper"
#KTYP 1358 T
#SRU 1358 7233
#KONTO 1360 "Lån delägare/närstående, långfristig del"
#KTYP 1360 T
#SRU 1360 7233
#KONTO 1369 "Ack ned lån delägare/närstående långfr"
#KTYP 1369 T
#SRU 1369 7233
#KONTO 1370 "Uppskjuten skattefordran"
#KTYP 1370 T
#SRU 1370 7235
#KONTO 1380 "Långfristiga fordringar"
#KTYP 1380 T
#SRU 1380 7235
#KONTO 1382 "Fordringar hos anställda"
#KTYP 1382 T
#SRU 1382 7235
#KONTO 1383 Depositioner
#KTYP 1383 T
#SRU 1383 7235
#KONTO 1384 Derivat
#KTYP 1384 T
#SRU 1384 7234
#KONTO 1410 "Lager råvaror"
#KTYP 1410 T
#SRU 1410 7241
#KONTO 1419 "Förändring lager råvaror"
#KTYP 1419 T
#SRU 1419 7241
#KONTO 1420 "Lager tillsatsmaterial/förnödenheter"
#KTYP 1420 T
#SRU 1420 7241
#KONTO 1429 "Förändr lager tillsatsmat/förnödenheter"
#KTYP 1429 T
#SRU 1429 7241
#KONTO 1430 "Lager halvfabrikat"
#KTYP 1430 T
#SRU 1430 7241
#KONTO 1431 "Lager köpta halvfabrikat"
#KTYP 1431 T
#SRU 1431 7241
#KONTO 1432 "Lager egentillverkade halvfabrikat"
#KTYP 1432 T
#SRU 1432 7242
#KONTO 1438 "Förändring lager köpta halvfabrikat"
#KTYP 1438 T
#SRU 1438 7241
#KONTO 1439 "Förändr lager egentillverk halvfabrikat"
#KTYP 1439 T
#SRU 1439 7242
#KONTO 1440 "Produkter i arbete"
#KTYP 1440 T
#SRU 1440 7242
#KONTO 1449 "Förändring produkter i arbete"
#KTYP 1449 T
#SRU 1449 7242
#KONTO 1450 "Lager färdiga varor"
#KTYP 1450 T
#SRU 1450 7243
#KONTO 1459 "Förändring lager färdiga varor"
#KTYP 1459 T
#SRU 1459 7243
#KONTO 1460 "Lager handelsvaror"
#KTYP 1460 T
#SRU 1460 7243
#KONTO 1465 "Lager varor VMB"
#KTYP 1465 T
#SRU 1465 7243
#KONTO 1466 "Nedskrivning varor VMB"
#KTYP 1466 T
#SRU 1466 7243
#KONTO 1467 "Lager varor VMB förenklad"
#KTYP 1467 T
#SRU 1467 7243
#KONTO 1469 "Förändring lager handelsvaror"
#KTYP 1469 T
#SRU 1469 7243
#KONTO 1470 "Pågående arbete"
#KTYP 1470 T
#SRU 1470 7245
#KONTO 1471 "Pågående arbeten, nedlagda kostnader"
#KTYP 1471 T
#SRU 1471 7245
#KONTO 1480 "Förskott till leverantör"
#KTYP 1480 T
#SRU 1480 7246
#KONTO 1481 Remburser
#KTYP 1481 T
#SRU 1481 7246
#KONTO 1490 "Övriga lagertillgångar"
#KTYP 1490 T
#SRU 1490 7243
#KONTO 1491 "lager av värdepapper"
#KTYP 1491 T
#KONTO 1492 "Lager av fastigheter"
#KTYP 1492 T
#KONTO 1493 "Djur klassificerade som omsättntillgång"
#KTYP 1493 T
#KONTO 1510 Kundfordringar
#KTYP 1510 T
#SRU 1510 7251
#KONTO 1512 "Belånade fordringar"
#KTYP 1512 T
#SRU 1512 7251
#KONTO 1515 "Osäkra kundfordringar"
#KTYP 1515 T
#SRU 1515 7251
#KONTO 1517 "Kvittning kundfaktura"
#KTYP 1517 T
#SRU 1517 7251
#KONTO 1580 "Kontokort och kuponger"
#KTYP 1580 T
#SRU 1580 7251
#KONTO 1610 Förskott
#KTYP 1610 T
#SRU 1610 7261
#KONTO 1611 Reseförskott
#KTYP 1611 T
#SRU 1611 7261
#KONTO 1613 "Övriga förskott"
#KTYP 1613 T
#SRU 1613 7261
#KONTO 1619 "Övr fordringar hos anställda"
#KTYP 1619 T
#SRU 1619 7261
#KONTO 1620 "Upparbetad men ej fakturerad intäkt"
#KTYP 1620 T
#SRU 1620 7261
#KONTO 1630 "Avräkn skatter och avgifter"
#KTYP 1630 T
#SRU 1630 7261
#KONTO 1640 Skattefordringar
#KTYP 1640 T
#SRU 1640 7261
#KONTO 1650 "Fordran moms"
#KTYP 1650 T
#SRU 1650 7261
#KONTO 1680 "Övr kortfristiga fordr"
#KTYP 1680 T
#SRU 1680 7261
#KONTO 1683 Derivat
#KTYP 1683 T
#SRU 1683 7261
#KONTO 1684 "Fordring hos leverantör"
#KTYP 1684 T
#SRU 1684 7261
#KONTO 1685 "Fordring hos närstående"
#KTYP 1685 T
#SRU 1685 7261
#KONTO 1690 "Fordring tecknat ej inbet aktiekapital"
#KTYP 1690 T
#SRU 1690 7262
#KONTO 1710 "Förutbetalda hyror"
#KTYP 1710 T
#SRU 1710 7263
#KONTO 1740 "Förutbet ränteutgifter"
#KTYP 1740 T
#SRU 1740 7263
#KONTO 1750 "Upplupna hyresinkomster"
#KTYP 1750 T
#SRU 1750 7263
#KONTO 1760 "Upplupna inkomsträntor"
#KTYP 1760 T
#SRU 1760 7263
#KONTO 1790 "Övr interimsfordringar"
#KTYP 1790 T
#SRU 1790 7263
#KONTO 1820 "Obligationer, värdepapper"
#KTYP 1820 T
#SRU 1820 7271
#KONTO 1860 "Andelar i koncernföretag"
#KTYP 1860 T
#SRU 1860 7271
#KONTO 1869 "Nedskrivn andelar i koncernföretag"
#KTYP 1869 T
#SRU 1869 7271
#KONTO 1886 Derivat
#KTYP 1886 T
#SRU 1886 7270
#KONTO 1910 Kassa
#KTYP 1910 T
#SRU 1910 7281
#KONTO 1920 "Bank, PlusGiro"
#KTYP 1920 T
#SRU 1920 7281
#KONTO 1930 "Bank, checkräkningskonto"
#KTYP 1930 T
#SRU 1930 7281
#KONTO 1940 "Övriga bankkonton"
#KTYP 1940 T
#SRU 1940 7281
#KONTO 1980 Valutakonton
#KTYP 1980 T
#SRU 1980 7281
#KONTO 1990 Redovisningsmedel
#KTYP 1990 T
#SRU 1990 7281
#KONTO 2081 Aktiekapital
#KTYP 2081 S
#SRU 2081 7301
#KONTO 2085 Uppskrivningsfond
#KTYP 2085 T
#SRU 2085 7301
#KONTO 2086 Reservfond
#KTYP 2086 S
#SRU 2086 7301
#KONTO 2091 "Balanserad vinst/förlust"
#KTYP 2091 S
#SRU 2091 7302
#KONTO 2094 "Egna aktier"
#KTYP 2094 S
#SRU 2094 7302
#KONTO 2097 Överkursfond
#KTYP 2097 S
#SRU 2097 7302
#KONTO 2098 "Vinst/förlust föreg år"
#KTYP 2098 S
#SRU 2098 7302
#KONTO 2099 "Redovisat resultat"
#KTYP 2099 S
#SRU 2099 7302
#KONTO 2110 "Periodiseringsfond TAX 2010"
#KTYP 2110 S
#SRU 2110 7321
#KONTO 2111 "Periodiseringsfond TAX 2011"
#KTYP 2111 S
#SRU 2111 7321
#KONTO 2112 "Periodiseringsfond TAX 2012"
#KTYP 2112 S
#SRU 2112 7321
#KONTO 2113 "Periodiseringsfond TAX 2013"
#KTYP 2113 S
#SRU 2113 7321
#KONTO 2114 "Periodiseringsfond TAX 2014"
#KTYP 2114 S
#SRU 2114 7321
#KONTO 2115 "Periodiseringsfond TAX 2015"
#KTYP 2115 S
#SRU 2115 7321
#KONTO 2123 "Periodiseringsfond TAX 2003"
#KTYP 2123 S
#SRU 2123 7321
#KONTO 2124 "Periodiseringsfond TAX 2004"
#KTYP 2124 S
#SRU 2124 7321
#KONTO 2125 "Periodiseringsfond TAX 2005"
#KTYP 2125 S
#SRU 2125 7321
#KONTO 2126 "Periodiseringsfond TAX 2006"
#KTYP 2126 S
#SRU 2126 7321
#KONTO 2127 "Periodiseringsfond TAX 2007"
#KTYP 2127 S
#SRU 2127 7321
#KONTO 2128 "Periodiseringsfond TAX 2008"
#KTYP 2128 S
#SRU 2128 7321
#KONTO 2129 "Periodiseringsfond TAX 2009"
#KTYP 2129 S
#SRU 2129 7321
#KONTO 2150 "Ack överavskrivningar"
#KTYP 2150 S
#SRU 2150 7322
#KONTO 2151 "Ack överavskr imm anl.tillg"
#KTYP 2151 S
#SRU 2151 7322
#KONTO 2152 "Ack överavskr på byggn/markanl"
#KTYP 2152 S
#SRU 2152 7322
#KONTO 2153 "Ack överavskr maskiner/inv"
#KTYP 2153 S
#SRU 2153 7322
#KONTO 2157 "Ack överavskr anläggningsdjur"
#KTYP 2157 T
#SRU 2157 7322
#KONTO 2190 "Övr obeskattade reserver"
#KTYP 2190 S
#SRU 2190 7323
#KONTO 2196 Lagerreserv
#KTYP 2196 S
#SRU 2196 7323
#KONTO 2210 "Avsatt för pensioner enl tryggandelagen"
#KTYP 2210 S
#SRU 2210 7331
#KONTO 2220 Garantiskulder
#KTYP 2220 S
#SRU 2220 7333
#KONTO 2230 "övr avsättn pensioner och liknande förpl"
#KTYP 2230 S
#SRU 2230 7333
#KONTO 2240 "Avsättningar för övriga pensioner"
#KTYP 2240 S
#SRU 2240 7333
#KONTO 2250 "Övr avsättningar för skatter"
#KTYP 2250 S
#SRU 2250 7333
#KONTO 2323 Vinstandelslån
#KTYP 2323 S
#SRU 2323 7350
#KONTO 2324 Kapitalandelslån
#KTYP 2324 S
#SRU 2324 7350
#KONTO 2330 Checkräkningskredit
#KTYP 2330 S
#SRU 2330 7351
#KONTO 2350 Reverslån
#KTYP 2350 S
#SRU 2350 7352
#KONTO 2355 "Lån i utländsk valuta"
#KTYP 2355 S
#SRU 2355 7352
#KONTO 2393 "Lån från aktieägare"
#KTYP 2393 S
#SRU 2393 7354
#KONTO 2395 "Andra lån i utl valuta"
#KTYP 2395 S
#SRU 2395 7354
#KONTO 2396 Derivat
#KTYP 2396 S
#SRU 2396 7354
#KONTO 2399 "Övr långfristiga skulder"
#KTYP 2399 S
#SRU 2399 7354
#KONTO 2410 "Andra kortfrist låneskuld kreditinstitut"
#KTYP 2410 S
#SRU 2410 7361
#KONTO 2420 "Förskott från kunder"
#KTYP 2420 S
#SRU 2420 7362
#KONTO 2440 Leverantörsskulder
#KTYP 2440 S
#SRU 2440 7365
#KONTO 2449 "Kvittning av leverantörsfakturor"
#KTYP 2449 S
#SRU 2449 7365
#KONTO 2450 "fakturerad men ej upparbetad intäkt"
#KTYP 2450 S
#SRU 2450 7366
#KONTO 2480 "Checkräkningskredit, kortfristig"
#KTYP 2480 S
#KONTO 2492 Växelskulder
#KTYP 2492 S
#SRU 2492 7369
#KONTO 2499 "Andra övr kortfrist skulder"
#KTYP 2499 S
#SRU 2499 7369
#KONTO 2510 Skatteskulder
#KTYP 2510 S
#SRU 2510 7368
#KONTO 2513 "Beräknad fastighetsskatt/fastighetsavgif"
#KTYP 2513 S
#SRU 2513 7368
#KONTO 2517 "Beräknad utländsk skatt"
#KTYP 2517 S
#SRU 2517 7368
#KONTO 2611 "Utg moms försäljning inom Sverige, 25%"
#KTYP 2611 S
#SRU 2611 7369
#KONTO 2612 "Utgående moms på egna uttag, 25%"
#KTYP 2612 S
#SRU 2612 7369
#KONTO 2613 "Utg moms, uthyrningsverksamhet, 25%"
#KTYP 2613 S
#SRU 2613 7369
#KONTO 2614 "Ber utg moms tjänsteförvärv utlandet 25%"
#KTYP 2614 S
#SRU 2614 7369
#KONTO 2615 "Ber utg moms varuförvärv EG-land, 25%"
#KTYP 2615 S
#SRU 2615 7369
#KONTO 2617 "Utg moms omv skattskyld, Sv"
#KTYP 2617 S
#SRU 2617 7369
#KONTO 2621 "Utg moms försäljning inom Sverige, 12%"
#KTYP 2621 S
#SRU 2621 7369
#KONTO 2622 "Utgående moms på egna uttag, 12%"
#KTYP 2622 S
#SRU 2622 7369
#KONTO 2624 "Ber utg moms tjänsteförvärv utlandet 12%"
#KTYP 2624 S
#SRU 2624 7369
#KONTO 2631 "Utg moms på försäljning inom Sverige, 6%"
#KTYP 2631 S
#SRU 2631 7369
#KONTO 2632 "Utgående moms på egna uttag, 6%"
#KTYP 2632 S
#SRU 2632 7369
#KONTO 2634 "Ber utg moms tjänsteförvärv utlandet 6%"
#KTYP 2634 S
#SRU 2634 7369
#KONTO 2641 "Ingående moms"
#KTYP 2641 S
#SRU 2641 7369
#KONTO 2645 "Ber ingående moms förvärv från utlandet"
#KTYP 2645 S
#SRU 2645 7369
#KONTO 2647 "Ing moms omv skattskyld, Sv"
#KTYP 2647 S
#SRU 2647 7369
#KONTO 2650 "Moms redovisningskonto"
#KTYP 2650 S
#SRU 2650 7369
#KONTO 2660 "Särskilda punktskatter"
#KTYP 2660 S
#SRU 2660 7369
#KONTO 2710 "Personalens källskatt"
#KTYP 2710 S
#SRU 2710 7369
#KONTO 2730 "Lagstadgade sociala avgifter"
#KTYP 2730 S
#SRU 2730 7369
#KONTO 2731 "Avräkn sociala avgifter"
#KTYP 2731 S
#SRU 2731 7369
#KONTO 2732 "Avräkn särsk lönesk pens"
#KTYP 2732 S
#SRU 2732 7369
#KONTO 2733 "Avräkn särsk sjukförsäkrings avg"
#KTYP 2733 S
#SRU 2733 7369
#KONTO 2750 "Utmätning i lön"
#KTYP 2750 S
#SRU 2750 7369
#KONTO 2790 "Övriga löneavdrag"
#KTYP 2790 S
#SRU 2790 7369
#KONTO 2792 Lönsparande
#KTYP 2792 S
#SRU 2792 7369
#KONTO 2793 "Kollektivförsäkring mm"
#KTYP 2793 S
#SRU 2793 7369
#KONTO 2794 Fackföreningsavgifter
#KTYP 2794 S
#SRU 2794 7369
#KONTO 2795 Granskningsavgifter
#KTYP 2795 S
#SRU 2795 7369
#KONTO 2840 Låneskulder
#KTYP 2840 S
#SRU 2840 7369
#KONTO 2850 "Avräkn skatter/avgifter"
#KTYP 2850 S
#SRU 2850 7369
#KONTO 2880 "Skuld erhållna bidrag"
#KTYP 2880 S
#SRU 2880 7369
#KONTO 2890 "Övr kortfr skulder"
#KTYP 2890 S
#SRU 2890 7369
#KONTO 2893 "Skulder närstående personer"
#KTYP 2893 S
#SRU 2893 7369
#KONTO 2895 "Derivat kortfr skulder"
#KTYP 2895 S
#SRU 2895 7369
#KONTO 2910 "Upplupna löner"
#KTYP 2910 S
#SRU 2910 7370
#KONTO 2920 "Upplupna semlöner"
#KTYP 2920 S
#SRU 2920 7370
#KONTO 2940 "Upplupna sociala avgifter och andra avg"
#KTYP 2940 S
#SRU 2940 7370
#KONTO 2941 "Beräkn upplupna sociala avgifter"
#KTYP 2941 S
#SRU 2941 7370
#KONTO 2945 "Beräkn upplupna särskild sjukförsäkr avg"
#KTYP 2945 S
#SRU 2945 7370
#KONTO 2950 "Upplupna avtalade soc avg"
#KTYP 2950 S
#SRU 2950 7370
#KONTO 2960 "Upplupna utgiftsräntor"
#KTYP 2960 S
#SRU 2960 7370
#KONTO 2970 "Förutbetalda hyresinkomster"
#KTYP 2970 S
#SRU 2970 7370
#KONTO 2971 "Förutbetalda hyresintäkter"
#KTYP 2971 S
#SRU 2971 7370
#KONTO 2979 "Övriga förutbetalda intäkter"
#KTYP 2979 S
#SRU 2979 7370
#KONTO 2990 "Övr interimsskulder"
#KTYP 2990 S
#SRU 2990 7370
#KONTO 2993 "Ospecificerad skuld till leverantörer"
#KTYP 2993 S
#SRU 2993 7370
#KONTO 2995 "Skuld inkomna följesedlar"
#KTYP 2995 S
#SRU 2995 7370
#KONTO 2999 "Övr uppl kostn/förutbet intäkter"
#KTYP 2999 S
#SRU 2999 7370
#KONTO 3020 "Försäljning VMB varor"
#KTYP 3020 I
#SRU 3020 7410
#KONTO 3028 "Positiv VM omföringskonto"
#KTYP 3028 I
#SRU 3028 7410
#KONTO 3030 "Positiv VM 25%"
#KTYP 3030 I
#SRU 3030 7410
#KONTO 3041 "Försäljn tjänst 25% sv"
#KTYP 3041 I
#SRU 3041 7410
#KONTO 3042 "Försäljn tjänst 12% sv"
#KTYP 3042 I
#SRU 3042 7410
#KONTO 3043 "Försäljn tjänst 6% sv"
#KTYP 3043 I
#SRU 3043 7410
#KONTO 3044 "Försäljn tjänst sv momsfri"
#KTYP 3044 I
#SRU 3044 7410
#KONTO 3045 "Försäljn tjänst utanför EU momsfri"
#KTYP 3045 I
#SRU 3045 7410
#KONTO 3046 "Försäljn tjänst till EU 25%"
#KTYP 3046 I
#SRU 3046 7410
#KONTO 3048 "Försäljn tjänst EU momsfri"
#KTYP 3048 I
#SRU 3048 7410
#KONTO 3051 "Försäljn varor 25% sv"
#KTYP 3051 I
#SRU 3051 7410
#KONTO 3052 "Försäljn varor 12% sv"
#KTYP 3052 I
#SRU 3052 7410
#KONTO 3053 "Försäljn varor 6% sv"
#KTYP 3053 I
#SRU 3053 7410
#KONTO 3054 "Försäljn varor sv momsfri"
#KTYP 3054 I
#SRU 3054 7410
#KONTO 3055 "Försäljn varor utanför EU momsfri"
#KTYP 3055 I
#SRU 3055 7410
#KONTO 3056 "Försäljn varor till EU 25 momspliktig"
#KTYP 3056 I
#SRU 3056 7410
#KONTO 3057 "Treparts försäljn varor till EU 25%"
#KTYP 3057 I
#SRU 3057 7410
#KONTO 3058 "Försäljn varor EU momsfri"
#KTYP 3058 I
#SRU 3058 7410
#KONTO 3059 "Momspl uttag av fast.tj 25%"
#KTYP 3059 I
#SRU 3059 7410
#KONTO 3062 "Förs varor närst företag"
#KTYP 3062 I
#SRU 3062 7410
#KONTO 3100 "Försäljning köpta produkter"
#KTYP 3100 I
#SRU 3100 7410
#KONTO 3231 "Försäljn bygg, omv skattskyld"
#KTYP 3231 I
#SRU 3231 7410
#KONTO 3510 Emballage
#KTYP 3510 I
#SRU 3510 7410
#KONTO 3520 Frakter
#KTYP 3520 I
#SRU 3520 7410
#KONTO 3521 "Frakter export momsfri"
#KTYP 3521 I
#SRU 3521 7410
#KONTO 3522 "Frakter EU momsfri"
#KTYP 3522 I
#SRU 3522 7410
#KONTO 3530 "Fakt tull och spedition"
#KTYP 3530 I
#SRU 3530 7410
#KONTO 3540 Faktureringsavgifter
#KTYP 3540 I
#SRU 3540 7410
#KONTO 3541 "Faktureringsavgifter export"
#KTYP 3541 I
#SRU 3541 7410
#KONTO 3542 "Faktureringsavgifter EU momsfri"
#KTYP 3542 I
#SRU 3542 7410
#KONTO 3550 "Fakt resekostnader"
#KTYP 3550 I
#SRU 3550 7410
#KONTO 3561 "Fakt kostn moderftg"
#KTYP 3561 I
#SRU 3561 7410
#KONTO 3562 "Fakt kostn dotterftg"
#KTYP 3562 I
#SRU 3562 7410
#KONTO 3563 "Fakt kostn andra koncernftg"
#KTYP 3563 I
#SRU 3563 7410
#KONTO 3590 "Övr fakt kostnader"
#KTYP 3590 I
#SRU 3590 7410
#KONTO 3610 "Försäljning material"
#KTYP 3610 I
#SRU 3610 7410
#KONTO 3671 "Försäljning värdepapper"
#KTYP 3671 I
#SRU 3671 7410
#KONTO 3672 "Utdeln värdepapper"
#KTYP 3672 I
#SRU 3672 7410
#KONTO 3679 "Övr intäkter värdepapper"
#KTYP 3679 I
#SRU 3679 7410
#KONTO 3690 "Övriga sidointäkter"
#KTYP 3690 I
#SRU 3690 7410
#KONTO 3731 Kassarabatter
#KTYP 3731 I
#SRU 3731 7410
#KONTO 3732 "Lämnade rabatter"
#KTYP 3732 I
#SRU 3732 7410
#KONTO 3736 "Kassarabatter export"
#KTYP 3736 I
#SRU 3736 7410
#KONTO 3737 "Kassarabatter EU momsfri"
#KTYP 3737 I
#SRU 3737 7410
#KONTO 3740 "Öres- och kronutjämning"
#KTYP 3740 I
#SRU 3740 7410
#KONTO 3840 "Aktiverat arbete (material)"
#KTYP 3840 I
#SRU 3840 7412
#KONTO 3850 "Aktiverat arbete (omkostnader)"
#KTYP 3850 I
#SRU 3850 7412
#KONTO 3870 "Aktiverat arbete (personal)"
#KTYP 3870 I
#SRU 3870 7412
#KONTO 3911 Hyresintäkter
#KTYP 3911 I
#SRU 3911 7413
#KONTO 3913 "Hyresintäkter frivilligskattskyldighet"
#KTYP 3913 I
#SRU 3913 7413
#KONTO 3921 Provisionsintäkter
#KTYP 3921 I
#SRU 3921 7413
#KONTO 3940 "Orealiserad negativ förändr säk. instrum"
#KTYP 3940 I
#SRU 3940 7413
#KONTO 3950 "Återvunna kundförluster"
#KTYP 3950 I
#SRU 3950 7413
#KONTO 3960 "Kursvinst rörelsen"
#KTYP 3960 I
#SRU 3960 7413
#KONTO 3971 "Vinst avyttr imm anl tillg"
#KTYP 3971 I
#SRU 3971 7413
#KONTO 3972 "Vinst avyttr fastigheter"
#KTYP 3972 I
#SRU 3972 7413
#KONTO 3973 "Vinst avyttr maskiner/inv"
#KTYP 3973 I
#SRU 3973 7413
#KONTO 3974 "Vinst avyttr bilar och transportmedel"
#KTYP 3974 I
#SRU 3974 7413
#KONTO 3977 "Vinst avyttr anläggningsdjur"
#KTYP 3977 I
#SRU 3977 7413
#KONTO 3985 "Erhållna statliga bidrag"
#KTYP 3985 I
#SRU 3985 7413
#KONTO 3987 "Erhållna kommunala bidrag"
#KTYP 3987 I
#SRU 3987 7413
#KONTO 3988 "Erhållna bidrag personal"
#KTYP 3988 I
#SRU 3988 7413
#KONTO 3989 "Övriga erhållna bidrag"
#KTYP 3989 I
#SRU 3989 7413
#KONTO 3990 "Övr ersättn och intäker"
#KTYP 3990 I
#SRU 3990 7413
#KONTO 3994 Försäkringsersättningar
#KTYP 3994 I
#SRU 3994 7413
#KONTO 3996 "Erhållna reklambidrag"
#KTYP 3996 I
#SRU 3996 7413
#KONTO 3997 Sjuklöneersättning
#KTYP 3997 I
#SRU 3997 7413
#KONTO 3999 Påminnelseavgift
#KTYP 3999 I
#SRU 3999 7413
#KONTO 4010 "Inköp material och varor"
#KTYP 4010 K
#SRU 4010 7512
#KONTO 4020 "Inköp VMB varor"
#KTYP 4020 K
#SRU 4020 7512
#KONTO 4028 "Negativ VM omföringskonto"
#KTYP 4028 K
#SRU 4028 7512
#KONTO 4030 "Negativ VM"
#KTYP 4030 K
#SRU 4030 7512
#KONTO 4055 "Trepartsförv varor fr EU"
#KTYP 4055 K
#SRU 4055 7512
#KONTO 4056 "Inköp varor 25% EU"
#KTYP 4056 K
#SRU 4056 7512
#KONTO 4057 "Inköp varor 12% EU"
#KTYP 4057 K
#SRU 4057 7512
#KONTO 4058 "Inköp varor EU momsfri"
#KTYP 4058 K
#SRU 4058 7512
#KONTO 4100 "Kostn uthyrn lokal sk.pl"
#KTYP 4100 K
#SRU 4100 7512
#KONTO 4600 "Legoarbeten, underentrepr"
#KTYP 4600 K
#SRU 4600 7512
#KONTO 4731 "Erhållna kassarabatter"
#KTYP 4731 K
#SRU 4731 7512
#KONTO 4733 "Erhållet aktivitetsstöd"
#KTYP 4733 K
#SRU 4733 7512
#KONTO 4940 "Förändr produkter i arbete"
#KTYP 4940 K
#SRU 4940 7411
#KONTO 4950 "Förändr lager färdigvaror"
#KTYP 4950 K
#SRU 4950 7411
#KONTO 4970 "Förändr påg arbete"
#KTYP 4970 K
#SRU 4970 7411
#KONTO 4980 "Förändr värdepapper"
#KTYP 4980 K
#SRU 4980 7512
#KONTO 4981 "Sålda värdepappers ansk.kostn"
#KTYP 4981 K
#SRU 4981 7512
#KONTO 4987 "Nedskrivn värdepapper"
#KTYP 4987 K
#SRU 4987 7512
#KONTO 4990 Lagerförändring
#KTYP 4990 K
#SRU 4990 7411
#KONTO 5010 Lokalhyra
#KTYP 5010 K
#SRU 5010 7513
#KONTO 5020 "El hyrd lokal"
#KTYP 5020 K
#SRU 5020 7513
#KONTO 5030 "Värme hyrd lokal"
#KTYP 5030 K
#SRU 5030 7513
#KONTO 5050 "Lokaltillbehör hyrd lokal"
#KTYP 5050 K
#SRU 5050 7513
#KONTO 5060 "Städning, renhållning hyrd lokal"
#KTYP 5060 K
#SRU 5060 7513
#KONTO 5070 "Reparationer hyrd lokal"
#KTYP 5070 K
#SRU 5070 7513
#KONTO 5090 "Övr kostnader hyrd lokal"
#KTYP 5090 K
#SRU 5090 7513
#KONTO 5120 Belysning
#KTYP 5120 K
#SRU 5120 7513
#KONTO 5130 Värme
#KTYP 5130 K
#SRU 5130 7513
#KONTO 5132 Sotning
#KTYP 5132 K
#SRU 5132 7513
#KONTO 5140 "Vatten och avlopp"
#KTYP 5140 K
#SRU 5140 7513
#KONTO 5160 "Renhålln och städning"
#KTYP 5160 K
#SRU 5160 7513
#KONTO 5170 "Rep och underhåll fastighet"
#KTYP 5170 K
#SRU 5170 7513
#KONTO 5191 Fastighetsskatt
#KTYP 5191 K
#SRU 5191 7513
#KONTO 5192 "Försäkringsprem fastighet"
#KTYP 5192 K
#SRU 5192 7513
#KONTO 5193 "Fastighetsskötsel och förvaltn"
#KTYP 5193 K
#SRU 5193 7513
#KONTO 5198 "Övr fastighetskostn avdragsgill"
#KTYP 5198 K
#SRU 5198 7513
#KONTO 5199 "Övr fastighetskostn ej avdragsgill"
#KTYP 5199 K
#SRU 5199 7513
#KONTO 5210 "Hyra arbetsmaskiner"
#KTYP 5210 K
#SRU 5210 7513
#KONTO 5220 "Hyra inventarier"
#KTYP 5220 K
#SRU 5220 7513
#KONTO 5290 "Övr hyreskostn anl tillg"
#KTYP 5290 K
#SRU 5290 7513
#KONTO 5310 "El för drift"
#KTYP 5310 K
#SRU 5310 7513
#KONTO 5380 Vatten
#KTYP 5380 K
#SRU 5380 7513
#KONTO 5390 "Övriga bränslen"
#KTYP 5390 K
#SRU 5390 7513
#KONTO 5410 Förbrukningsinventarier
#KTYP 5410 K
#SRU 5410 7513
#KONTO 5420 Programvaror
#KTYP 5420 K
#SRU 5420 7513
#KONTO 5460 Förbrukningsmaterial
#KTYP 5460 K
#SRU 5460 7513
#KONTO 5480 "Arbetskläder o skyddsmtrl"
#KTYP 5480 K
#SRU 5480 7513
#KONTO 5500 "Reparation och underhåll"
#KTYP 5500 K
#SRU 5500 7513
#KONTO 5611 "Drivmedel personbilar"
#KTYP 5611 K
#SRU 5611 7513
#KONTO 5612 "Skatt försäkr personbilar"
#KTYP 5612 K
#SRU 5612 7513
#KONTO 5613 "Reparation personbilar"
#KTYP 5613 K
#SRU 5613 7513
#KONTO 5615 "Leasingavg personbilar"
#KTYP 5615 K
#SRU 5615 7513
#KONTO 5616 Trängselskatt
#KTYP 5616 K
#SRU 5616 7513
#KONTO 5690 "Övr transportmedel"
#KTYP 5690 K
#SRU 5690 7513
#KONTO 5710 "Frakt och transport"
#KTYP 5710 K
#SRU 5710 7513
#KONTO 5720 "Tull- och speditionskost"
#KTYP 5720 K
#SRU 5720 7513
#KONTO 5800 Resekostnader
#KTYP 5800 K
#SRU 5800 7513
#KONTO 5910 Annonsering
#KTYP 5910 K
#SRU 5910 7513
#KONTO 5930 Reklamtrycksaker
#KTYP 5930 K
#SRU 5930 7513
#KONTO 5940 "Utställning och mässor"
#KTYP 5940 K
#SRU 5940 7513
#KONTO 5990 "Övrig reklam"
#KTYP 5990 K
#SRU 5990 7513
#KONTO 6010 "Kataloger och prislistor"
#KTYP 6010 K
#SRU 6010 7513
#KONTO 6040 Kontokortsavgifter
#KTYP 6040 K
#SRU 6040 7513
#KONTO 6050 Försäljningsprovision
#KTYP 6050 K
#SRU 6050 7513
#KONTO 6060 Kreditförsäljningskostnad
#KTYP 6060 K
#SRU 6060 7513
#KONTO 6063 Kreditförsäkringspremier
#KTYP 6063 K
#SRU 6063 7513
#KONTO 6064 Factoringavgifter
#KTYP 6064 K
#SRU 6064 7513
#KONTO 6069 "Övr kreditförsäljnkostnader"
#KTYP 6069 K
#SRU 6069 7513
#KONTO 6071 "Representation, avdragsgill"
#KTYP 6071 K
#SRU 6071 7513
#KONTO 6072 "Representation, ej avdragsgill"
#KTYP 6072 K
#SRU 6072 7513
#KONTO 6080 Bankgarantier
#KTYP 6080 K
#SRU 6080 7513
#KONTO 6090 "Övr försäljningskostnader"
#KTYP 6090 K
#SRU 6090 7513
#KONTO 6110 Kontorsmaterial
#KTYP 6110 K
#SRU 6110 7513
#KONTO 6150 Trycksaker
#KTYP 6150 K
#SRU 6150 7513
#KONTO 6211 "Fast telefoni"
#KTYP 6211 K
#SRU 6211 7513
#KONTO 6212 Mobiltelefon
#KTYP 6212 K
#SRU 6212 7513
#KONTO 6213 Mobilsökning
#KTYP 6213 K
#SRU 6213 7513
#KONTO 6214 Fax
#KTYP 6214 K
#SRU 6214 7513
#KONTO 6230 Datakommunikation
#KTYP 6230 K
#SRU 6230 7513
#KONTO 6250 Porto
#KTYP 6250 K
#SRU 6250 7513
#KONTO 6310 Företagsförsäkringar
#KTYP 6310 K
#SRU 6310 7513
#KONTO 6320 Självrisker
#KTYP 6320 K
#SRU 6320 7513
#KONTO 6340 "Lämnade skadestånd"
#KTYP 6340 K
#SRU 6340 7513
#KONTO 6350 Kundförluster
#KTYP 6350 K
#SRU 6350 7513
#KONTO 6390 "Övriga riskkostnader"
#KTYP 6390 K
#SRU 6390 7513
#KONTO 6410 Styrelsearvode
#KTYP 6410 K
#SRU 6410 7513
#KONTO 6420 "Ersättning till revisor"
#KTYP 6420 K
#SRU 6420 7513
#KONTO 6430 "Management fees"
#KTYP 6430 K
#SRU 6430 7513
#KONTO 6440 "Årsredovisn, delårsrapporter"
#KTYP 6440 K
#SRU 6440 7513
#KONTO 6450 Bolagsstämma
#KTYP 6450 K
#SRU 6450 7513
#KONTO 6490 "Övr förvaltningskostnader"
#KTYP 6490 K
#SRU 6490 7513
#KONTO 6530 Redovisningstjänster
#KTYP 6530 K
#SRU 6530 7513
#KONTO 6540 IT-tjänster
#KTYP 6540 K
#SRU 6540 7513
#KONTO 6550 Konsultarvoden
#KTYP 6550 K
#SRU 6550 7513
#KONTO 6570 Bankkostnader
#KTYP 6570 K
#SRU 6570 7513
#KONTO 6580 Advokatkostnader
#KTYP 6580 K
#SRU 6580 7513
#KONTO 6590 "Övr främmande tjänster"
#KTYP 6590 K
#SRU 6590 7513
#KONTO 6800 "Inhyrd personal"
#KTYP 6800 K
#SRU 6800 7513
#KONTO 6970 "Tidningar, facklitteratur"
#KTYP 6970 K
#SRU 6970 7513
#KONTO 6981 "Föreningsavg avdr gill"
#KTYP 6981 K
#SRU 6981 7513
#KONTO 6982 "Föreningsavg ej avdr gill"
#KTYP 6982 K
#SRU 6982 7513
#KONTO 6991 "Övr avdr gill kostn"
#KTYP 6991 K
#SRU 6991 7513
#KONTO 6992 "Övr ej avdr gill kostn"
#KTYP 6992 K
#SRU 6992 7513
#KONTO 6993 "Lämnade bidrag och gåvor"
#KTYP 6993 K
#SRU 6993 7513
#KONTO 6996 "Betald utländsk inkomstskatt"
#KTYP 6996 K
#SRU 6996 7513
#KONTO 6997 "Obetald utländsk inkomstskatt"
#KTYP 6997 K
#SRU 6997 7513
#KONTO 7010 "Lön till kollektivanställda"
#KTYP 7010 K
#SRU 7010 7514
#KONTO 7013 "Lön till kollektivanst under 26 år"
#KTYP 7013 K
#SRU 7013 7514
#KONTO 7014 "Lön kollektivanställda nya pens"
#KTYP 7014 K
#SRU 7014 7514
#KONTO 7030 "Lön kollektivanställda, utland"
#KTYP 7030 K
#SRU 7030 7514
#KONTO 7033 "Lön kollektivanst under 26 år (utland)"
#KTYP 7033 K
#SRU 7033 7514
#KONTO 7081 "Sjuklön kollektivanställda"
#KTYP 7081 K
#SRU 7081 7514
#KONTO 7082 "Semesterlöner till kollektivanställda"
#KTYP 7082 K
#SRU 7082 7514
#KONTO 7083 "Föräldraers kollektivanställda"
#KTYP 7083 K
#SRU 7083 7514
#KONTO 7089 "Övr löner kollektivanst ej arb tid"
#KTYP 7089 K
#SRU 7089 7514
#KONTO 7090 "Förändr sem löneskuld"
#KTYP 7090 K
#SRU 7090 7514
#KONTO 7211 "Lön tjänstemän"
#KTYP 7211 K
#SRU 7211 7514
#KONTO 7213 "Lön tjänstemän under 26 år"
#KTYP 7213 K
#SRU 7213 7514
#KONTO 7214 "Lön tjänstemän nya pens"
#KTYP 7214 K
#SRU 7214 7514
#KONTO 7220 "Lön företagsledare"
#KTYP 7220 K
#SRU 7220 7514
#KONTO 7223 "Lön företagsledare under 26 år"
#KTYP 7223 K
#SRU 7223 7514
#KONTO 7224 "Lön företagsledare nya pens"
#KTYP 7224 K
#SRU 7224 7514
#KONTO 7225 "Lön företagsledare Sverige avgbefriade"
#KTYP 7225 K
#SRU 7225 7514
#KONTO 7230 "Lön tjänstemän, företagsledare, utland"
#KTYP 7230 K
#SRU 7230 7514
#KONTO 7233 "Lön tjmän/ftgledare under 26 år, utland"
#KTYP 7233 K
#SRU 7233 7514
#KONTO 7281 "Sjuklön tjänstemän"
#KTYP 7281 K
#SRU 7281 7514
#KONTO 7282 "Sjuklöner till företagsledare"
#KTYP 7282 K
#SRU 7282 7514
#KONTO 7283 "Föräldraers tjänstemän"
#KTYP 7283 K
#SRU 7283 7514
#KONTO 7284 "Föräldraers ftgledare"
#KTYP 7284 K
#SRU 7284 7514
#KONTO 7285 "Semesterlön tjänstemän"
#KTYP 7285 K
#SRU 7285 7514
#KONTO 7286 "Semesterlöner till företagsledare"
#KTYP 7286 K
#SRU 7286 7514
#KONTO 7288 "Övr löner tjänstemän ej arb tid"
#KTYP 7288 K
#SRU 7288 7514
#KONTO 7289 "Övr löner ftgledare ej arb tid"
#KTYP 7289 K
#SRU 7289 7514
#KONTO 7290 "Förändring av semesterlöneskuld"
#KTYP 7290 K
#SRU 7290 7514
#KONTO 7310 "Kontanta extraersättningar"
#KTYP 7310 K
#SRU 7310 7514
#KONTO 7321 "Skattefria trakt Sverige"
#KTYP 7321 K
#SRU 7321 7514
#KONTO 7322 "Skattepl trakt Sverige"
#KTYP 7322 K
#SRU 7322 7514
#KONTO 7323 "Skattefria traktamenten, utlandet"
#KTYP 7323 K
#SRU 7323 7514
#KONTO 7324 "Skattepliktiga traktamenten, utlandet"
#KTYP 7324 K
#SRU 7324 7514
#KONTO 7331 "Skattefri bilersättning"
#KTYP 7331 K
#SRU 7331 7514
#KONTO 7332 "Skattepl bilersättning"
#KTYP 7332 K
#SRU 7332 7514
#KONTO 7333 "Ersättning för trängselskatt, skattefri"
#KTYP 7333 K
#SRU 7333 7514
#KONTO 7338 "Skattepliktig ers trängselskatt"
#KTYP 7338 K
#SRU 7338 7514
#KONTO 7381 "Kostnader för fri bostad"
#KTYP 7381 K
#SRU 7381 7514
#KONTO 7382 "Kostn för fria/subventionerade måltider"
#KTYP 7382 K
#SRU 7382 7514
#KONTO 7385 "Kostnader för fri bil/fri bensin"
#KTYP 7385 K
#SRU 7385 7514
#KONTO 7387 "Kostnader för lånedatorer"
#KTYP 7387 K
#SRU 7387 7514
#KONTO 7389 "Övriga kostnader för förmåner"
#KTYP 7389 K
#SRU 7389 7514
#KONTO 7390 "Övr kostnadsersättningar"
#KTYP 7390 K
#SRU 7390 7514
#KONTO 7391 "Kostnad för trängselskatteförmån"
#KTYP 7391 K
#SRU 7391 7514
#KONTO 7392 "Kostn för förmån hushållsnära tjänster"
#KTYP 7392 K
#SRU 7392 7514
#KONTO 7399 "Motkontering av förmån"
#KTYP 7399 K
#SRU 7399 7514
#KONTO 7411 "Premier kollektiva pensionsförsäkringar"
#KTYP 7411 K
#SRU 7411 7514
#KONTO 7412 "Premier individuella pensionsförsäkr"
#KTYP 7412 K
#SRU 7412 7514
#KONTO 7461 "Pensionsutbetalningar till kollektivanst"
#KTYP 7461 K
#SRU 7461 7514
#KONTO 7462 "Pensionsutbetalningar till tjänstemän"
#KTYP 7462 K
#SRU 7462 7514
#KONTO 7490 "Övriga pensionskostnader"
#KTYP 7490 K
#SRU 7490 7514
#KONTO 7510 Arbetsgivaravgifter
#KTYP 7510 K
#SRU 7510 7514
#KONTO 7519 "Soc.avgifter semesterlön"
#KTYP 7519 K
#SRU 7519 7514
#KONTO 7520 "Arbetsgivaravg (nya pensionssystemet)"
#KTYP 7520 K
#SRU 7520 7514
#KONTO 7521 "Arbgivaravg löner/ers (nya pensionssyst)"
#KTYP 7521 K
#SRU 7521 7514
#KONTO 7531 "Löneskatt för vissa försäkringsers mm"
#KTYP 7531 K
#SRU 7531 7514
#KONTO 7533 "Särskild löneskatt för pensionskostnader"
#KTYP 7533 K
#SRU 7533 7514
#KONTO 7540 "Särsk sjukförsäk avg"
#KTYP 7540 K
#SRU 7540 7514
#KONTO 7560 "Arbgivaravgifter under 26 år"
#KTYP 7560 K
#SRU 7560 7514
#KONTO 7570 "Premier arbetsmarknadsförsäkr (AMF/FORA)"
#KTYP 7570 K
#SRU 7570 7514
#KONTO 7583 Gruppolycksfallsförsäkringspremier
#KTYP 7583 K
#SRU 7583 7514
#KONTO 7589 "Övr gruppförsäkringspremier"
#KTYP 7589 K
#SRU 7589 7514
#KONTO 7610 Utbildning
#KTYP 7610 K
#SRU 7610 7514
#KONTO 7620 "Sjuk- och hälsovård"
#KTYP 7620 K
#SRU 7620 7514
#KONTO 7650 Sjuklöneförsäkring
#KTYP 7650 K
#SRU 7650 7514
#KONTO 7690 "Övriga personalkostnader"
#KTYP 7690 K
#SRU 7690 7514
#KONTO 7710 "Nedskrivn av imm anl tillg"
#KTYP 7710 K
#SRU 7710 7515
#KONTO 7720 "Nedskrivn av byggnader och mark"
#KTYP 7720 K
#SRU 7720 7515
#KONTO 7730 "Nedskrivn av maskiner och inv"
#KTYP 7730 K
#SRU 7730 7515
#KONTO 7760 "Återföring av nedskrivn imm anl tillg"
#KTYP 7760 I
#SRU 7760 7515
#KONTO 7770 "Återföring av nedskrivn byggn/mark"
#KTYP 7770 I
#SRU 7770 7515
#KONTO 7780 "Återföring av nedskrivn maskiner/inv"
#KTYP 7780 I
#SRU 7780 7515
#KONTO 7810 "Avskrivningar imm anl tillg"
#KTYP 7810 K
#SRU 7810 7515
#KONTO 7811 "Avskrivningar balanserade utgifter"
#KTYP 7811 K
#SRU 7811 7515
#KONTO 7813 "Avskrivningar patent"
#KTYP 7813 K
#SRU 7813 7515
#KONTO 7814 "Avskrivningar licenser"
#KTYP 7814 K
#SRU 7814 7515
#KONTO 7815 "Avskrivningar varumärken"
#KTYP 7815 K
#SRU 7815 7515
#KONTO 7816 "Avskrivningar hyresrätt"
#KTYP 7816 K
#SRU 7816 7515
#KONTO 7817 "Avskrivningar goodwill"
#KTYP 7817 K
#SRU 7817 7515
#KONTO 7820 "Avskrivningar byggnader/mark"
#KTYP 7820 K
#SRU 7820 7515
#KONTO 7821 "Avskrivn byggnader"
#KTYP 7821 K
#SRU 7821 7515
#KONTO 7822 "Avskrivn byggnadsinv"
#KTYP 7822 K
#SRU 7822 7515
#KONTO 7824 "Avskrivn markanläggn"
#KTYP 7824 K
#SRU 7824 7515
#KONTO 7829 "Avskrivningar övr byggnader"
#KTYP 7829 K
#SRU 7829 7515
#KONTO 7830 "Avskrivningar maskiner/inv"
#KTYP 7830 K
#SRU 7830 7515
#KONTO 7831 "Avskrivn arbetsmaskiner"
#KTYP 7831 K
#SRU 7831 7515
#KONTO 7832 "Avskrivn inventarier"
#KTYP 7832 K
#SRU 7832 7515
#KONTO 7833 "Avskrivningar installationer"
#KTYP 7833 K
#SRU 7833 7515
#KONTO 7834 "Avskrivn bilar"
#KTYP 7834 K
#SRU 7834 7515
#KONTO 7835 "Avskrivningar datorer"
#KTYP 7835 K
#SRU 7835 7515
#KONTO 7836 "Avskrivningar leasade tillg"
#KTYP 7836 K
#SRU 7836 7515
#KONTO 7837 "Avskrivningar anläggningsdjur"
#KTYP 7837 K
#SRU 7837 7515
#KONTO 7840 "Avskrivn förbättrutg annans fastighet"
#KTYP 7840 K
#SRU 7840 7515
#KONTO 7940 "Orealiserad pos värdeför säkr instr"
#KTYP 7940 K
#SRU 7940 7517
#KONTO 7960 Kursförluster
#KTYP 7960 K
#SRU 7960 7517
#KONTO 7970 "Förlust avyttr imm/mat anl tillg"
#KTYP 7970 K
#SRU 7970 7517
#KONTO 7971 "Förlust avyttr imm anl tillg"
#KTYP 7971 K
#SRU 7971 7517
#KONTO 7972 "Förlust avyttr fastigheter"
#KTYP 7972 K
#SRU 7972 7517
#KONTO 7973 "Förlust avyttr maskiner/inv"
#KTYP 7973 K
#SRU 7973 7517
#KONTO 7977 "Förlust avyttr anläggningsdjur"
#KTYP 7977 K
#SRU 7977 7517
#KONTO 8012 "Utdeln andelar dotterbolag"
#KTYP 8012 I
#SRU 8012 7414
#KONTO 8014 Koncernbidrag
#KTYP 8014 I
#SRU 8014 7414
#KONTO 8019 "Övr utdeln andelar koncernftg"
#KTYP 8019 I
#SRU 8019 7414
#KONTO 8210 "Utdeln andelar andra företag"
#KTYP 8210 I
#SRU 8210 7416
#KONTO 8221 "Res förs andelar övr företag"
#KTYP 8221 I
#SRU 8221 7416
#KONTO 8222 "Res lf fordr övr företag"
#KTYP 8222 I
#SRU 8222 7416
#KONTO 8223 "Res förs derivat"
#KTYP 8223 I
#SRU 8223 7416
#KONTO 8230 "Valutakursdiff långfr fordr"
#KTYP 8230 I
#SRU 8230 7416
#KONTO 8240 "Resultatandelar handelsbolag (andra ftg)"
#KTYP 8240 I
#SRU 8240 7416
#KONTO 8270 "Nedskr andel/lf fordr övr ftg"
#KTYP 8270 I
#SRU 8270 7521
#KONTO 8280 "Återf nedskr and/lf ford ö ftg"
#KTYP 8280 I
#SRU 8280 7416
#KONTO 8291 "Orealiserade förändr anläggningstillg"
#KTYP 8291 I
#SRU 8291 7416
#KONTO 8295 "Orealiserade förändr derivat"
#KTYP 8295 I
#SRU 8295 7416
#KONTO 8300 Ränteintäkter
#KTYP 8300 I
#SRU 8300 7417
#KONTO 8310 "Ränteintäkter omsättningstillgångar"
#KTYP 8310 I
#SRU 8310 7417
#KONTO 8313 "Ränteintäkter kundfordringar"
#KTYP 8313 I
#SRU 8313 7417
#KONTO 8321 "Orealiserade förändr omsättn tillg"
#KTYP 8321 I
#SRU 8321 7417
#KONTO 8325 "Orealiserade föränd derivat omsättntillg"
#KTYP 8325 I
#SRU 8325 7417
#KONTO 8331 Valutakursvinster
#KTYP 8331 I
#SRU 8331 7417
#KONTO 8336 Valutakursförluster
#KTYP 8336 K
#SRU 8336 7417
#KONTO 8390 "Övr finansiella intäkter"
#KTYP 8390 I
#SRU 8390 7417
#KONTO 8400 Räntekostnader
#KTYP 8400 K
#SRU 8400 7522
#KONTO 8422 "Räntekostnader levskulder"
#KTYP 8422 K
#SRU 8422 7522
#KONTO 8431 "Valutakursvinst skulder"
#KTYP 8431 I
#SRU 8431 7522
#KONTO 8436 "Valutakursförlust skulder"
#KTYP 8436 K
#SRU 8436 7522
#KONTO 8451 "Orealiserade förändr skulder"
#KTYP 8451 K
#SRU 8451 7522
#KONTO 8452 "Orealiserade förändr säkr instr"
#KTYP 8452 K
#SRU 8452 7522
#KONTO 8490 "Övr finansiella kostnader"
#KTYP 8490 K
#SRU 8490 7522
#KONTO 8811 "Avsättning per fond"
#KTYP 8811 K
#SRU 8811 7525
#KONTO 8819 "Återföring av per fond"
#KTYP 8819 K
#SRU 8819 7420
#KONTO 8820 "Mottagna koncernbidrag"
#KTYP 8820 K
#KONTO 8830 "Lämnade koncernbidrag"
#KTYP 8830 K
#KONTO 8850 "Avskrivn över/under plan"
#KTYP 8850 K
#SRU 8850 7526
#KONTO 8851 "Överavskrivningar imm anl tillg"
#KTYP 8851 K
#SRU 8851 7526
#KONTO 8852 "Överavskrivningar byggnader/mark"
#KTYP 8852 K
#SRU 8852 7526
#KONTO 8853 "Överavskrivningar maskiner/inv"
#KTYP 8853 K
#SRU 8853 7526
#KONTO 8857 "Överavskrivningar anläggningsdjur"
#KTYP 8857 K
#SRU 8857 7526
#KONTO 8896 "Förändring lagerreserv"
#KTYP 8896 K
#SRU 8896 7527
#KONTO 8910 "Årets skattekostnad"
#KTYP 8910 K
#SRU 8910 7528
#KONTO 8999 "Redovisat resultat"
#KTYP 8999 K
#SRU 8999 7450
#IB 0 1220 60000.00
#UB 0 1220 60000.00
#IB 0 1221 42785.41
#UB 0 1221 42785.41
#IB 0 1229 -16705.00
#UB 0 1229 -16705.00
#UB 0 1240 244700.00
#UB 0 1249 -4078.33
#IB 0 1450 81950.00
#UB 0 1450 81950.00
#IB 0 1510 96014.50
#UB 0 1510 138272.77
#IB 0 1650 2226.00
#IB 0 1710 9600.00
#UB 0 1710 -10000.00
#IB 0 1790 4500.00
#UB 0 1790 4500.00
#IB 0 1910 2871.00
#UB 0 1910 2871.00
#IB 0 1920 15479.00
#UB 0 1920 15479.00
#IB 0 1930 69787.37
#UB 0 1930 130960.87
#IB 0 2081 -100000.00
#UB 0 2081 -100000.00
#IB 0 2099 -30700.08
#UB 0 2099 -30700.08
#IB 0 2129 -13000.00
#UB 0 2129 -13000.00
#IB 0 2150 -14130.00
#UB 0 2150 -14130.00
#UB 0 2350 -180000.00
#IB 0 2440 -138780.99
#UB 0 2440 -255108.99
#IB 0 2510 -8515.00
#UB 0 2510 -7893.00
#UB 0 2611 -12450.00
#UB 0 2641 1001.80
#IB 0 2650 -12522.00
#IB 0 2710 -6882.00
#UB 0 2710 -6882.00
#UB 0 2732 -970.40
#IB 0 2920 -17338.80
#UB 0 2920 -22570.80
#IB 0 2941 -13139.41
#UB 0 2941 -14856.55
#IB 0 2990 -13500.00
#UB 0 2990 -13500.00
#RES 0 3041 -45750.00
#RES 0 3045 -76002.99
#RES 0 3051 -3950.00
#RES 0 3540 -100.00
#RES 0 3541 -19.97
#RES 0 3740 0.13
#RES 0 5010 19600.00
#RES 0 5611 522.40
#RES 0 6212 3484.80
#RES 0 6310 5400.00
#RES 0 6570 2450.00
#RES 0 7211 5800.00
#RES 0 7220 40000.00
#RES 0 7285 264.00
#RES 0 7290 5232.00
#RES 0 7412 4000.00
#RES 0 7510 12628.06
#RES 0 7519 1717.14
#RES 0 7533 970.40
#RES 0 7834 4078.33
#UB -1 1220 60000.00
#UB -1 1221 42785.41
#UB -1 1229 -16705.00
#UB -1 1450 81950.00
#UB -1 1510 96014.50
#UB -1 1650 2226.00
#UB -1 1710 9600.00
#UB -1 1790 4500.00
#UB -1 1910 2871.00
#UB -1 1920 15479.00
#UB -1 1930 69787.37
#UB -1 2081 -100000.00
#UB -1 2099 -30700.08
#UB -1 2129 -13000.00
#UB -1 2150 -14130.00
#UB -1 2440 -138780.99
#UB -1 2510 -8515.00
#UB -1 2650 -12522.00
#UB -1 2710 -6882.00
#UB -1 2920 -17338.80
#UB -1 2941 -13139.41
#UB -1 2990 -13500.00
#RES -1 3041 -548000.00
#RES -1 3045 -76000.00
#RES -1 3051 -278101.25
#RES -1 3058 -1312.50
#RES -1 3540 -940.00
#RES -1 3541 -20.00
#RES -1 3542 -20.00
#RES -1 3740 -8.44
#RES -1 3960 63.28
#RES -1 4010 434376.80
#RES -1 4990 -81950.00
#RES -1 5010 33600.00
#RES -1 5020 14781.60
#RES -1 5611 1483.20
#RES -1 5615 40500.00
#RES -1 5930 1253.60
#RES -1 6110 3797.60
#RES -1 6211 6788.85
#RES -1 6212 8610.38
#RES -1 6250 41.60
#RES -1 6310 5400.00
#RES -1 6420 5000.00
#RES -1 6530 11079.12
#RES -1 6570 1350.00
#RES -1 7211 18390.00
#RES -1 7220 210800.00
#RES -1 7285 468.00
#RES -1 7286 10800.00
#RES -1 7290 17338.80
#RES -1 7510 67812.12
#RES -1 7519 5690.58
#RES -1 7690 773.60
#RES -1 7832 16705.00
#RES -1 8300 -255.57
#RES -1 8313 -62.45
#RES -1 8811 13000.00
#RES -1 8850 14130.00
#RES -1 8910 11936.00
#RES -1 8999 30700.08
