; original: BokslutSIE1.se | sietype: 1 | vendor: visma | source: unknown
#FLAGGA 0
#FORMAT PC8
#SIETYP 1
#PROGRAM "Visma Bokslut" 2010.02
#GEN 20110325
#FNAMN "™vningsbolaget AB"
#FNR "2010-12-31 SIE"
#ORGNR 555555-5555
#ADRESS "" "" "" ""
#RAR 0 20100101 20101231
#RAR -1 20090101 20091231
#KPTYP EUBAS97
#KONTO 1010 "Balanserade utgifter"
#SRU 1010 7201
#KONTO 1018 "Ack nedskrivningar balanserade utg"
#SRU 1018 7201
#KONTO 1019 "Ack avskrivningar balanserade utg"
#SRU 1019 7201
#KONTO 1028 "Ack nedskrivningar koncessioner m.m."
#SRU 1028 7201
#KONTO 1030 "Patent"
#SRU 1030 7201
#KONTO 1038 "Ack nedskrivn patent"
#SRU 1038 7201
#KONTO 1039 "Ack avskrivn patent"
#SRU 1039 7201
#KONTO 1040 "Licenser"
#SRU 1040 7201
#KONTO 1048 "Ack nedskrivn licenser"
#SRU 1048 7201
#KONTO 1049 "Ack avskrivn licenser"
#SRU 1049 7201
#KONTO 1050 "Varum„rken"
#SRU 1050 7201
#KONTO 1058 "Ack nedskrivn varum„rken"
#SRU 1058 7201
#KONTO 1059 "Ack avskrivn varum„rken"
#SRU 1059 7201
#KONTO 1060 "Hyresr„tt"
#SRU 1060 7201
#KONTO 1068 "Ack nedskrivn hyresr„tt"
#SRU 1068 7201
#KONTO 1069 "Ack avskrivn hyresr„tt"
#SRU 1069 7201
#KONTO 1070 "Goodwill"
#SRU 1070 7201
#KONTO 1078 "Ack nedskrivn goodwill"
#SRU 1078 7201
#KONTO 1079 "Ack avskrivn goodwill"
#SRU 1079 7201
#KONTO 1090 "™vriga imm anl tillg"
#SRU 1090 7201
#KONTO 1098 "Ack nedskrivn ”vriga imm anl tillg"
#SRU 1098 7201
#KONTO 1099 "Ack avskrivn ”vriga imm anl tillg"
#SRU 1099 7201
#KONTO 1110 "Byggnader"
#SRU 1110 7214
#KONTO 1118 "Ack nedskrivn byggnader"
#SRU 1118 7214
#KONTO 1119 "Ack avskrivn byggnader"
#SRU 1119 7214
#KONTO 1130 "Mark"
#SRU 1130 7214
#KONTO 1140 "Tomter, markomr obebyggda"
#SRU 1140 7214
#KONTO 1150 "Markanl„ggningar"
#SRU 1150 7214
#KONTO 1158 "Ack nedskrivn markanl„ggn"
#SRU 1158 7214
#KONTO 1159 "Ack avskrivn markanl„ggn"
#SRU 1159 7214
#KONTO 1190 "™vriga byggnader och mark"
#SRU 1190 7214
#KONTO 1200 "Maskiner och inventarier"
#SRU 1200 7215
#KONTO 1208 "Ack nedskrivn maskiner och inv"
#SRU 1208 7215
#KONTO 1209 "Ack avskrivn maskiner och inv"
#SRU 1209 7215
#KONTO 1210 "Maskiner och andra tekniska anl„ggningar"
#SRU 1210 7215
#KONTO 1211 "Arbetsmaskiner"
#SRU 1211 7215
#KONTO 1218 "Ack nedskrivn maskiner/tekn anl"
#SRU 1218 7215
#KONTO 1219 "Ack avskrivn arb.maskiner"
#SRU 1219 7215
#KONTO 1220 "Inventarier"
#SRU 1220 7215
#KONTO 1221 "Inventarier"
#SRU 1221 7215
#KONTO 1222 "Byggnadsinventarier"
#SRU 1222 7215
#KONTO 1223 "Markinventarier"
#SRU 1223 7215
#KONTO 1225 "Verktyg"
#SRU 1225 7215
#KONTO 1228 "Ack nedskrivn inv/verktyg"
#SRU 1228 7215
#KONTO 1229 "Ack avskrivn inventarier"
#SRU 1229 7215
#KONTO 1230 "Installationer"
#SRU 1230 7215
#KONTO 1238 "Ack nedskrivn installationer"
#SRU 1238 7215
#KONTO 1239 "Ack avskrivn maskiner och inv"
#SRU 1239 7215
#KONTO 1240 "Bilar och andra transportmedel"
#SRU 1240 7215
#KONTO 1241 "Personbilar"
#SRU 1241 7215
#KONTO 1242 "Lastbilar"
#SRU 1242 7215
#KONTO 1243 "Truckar"
#SRU 1243 7215
#KONTO 1244 "Arbetsmaskiner"
#SRU 1244 7215
#KONTO 1245 "Traktorer"
#SRU 1245 7215
#KONTO 1246 "Motorcyklar, mopeder och skotrar"
#SRU 1246 7215
#KONTO 1247 "B†tar, flygplan och helikoptrar"
#SRU 1247 7215
#KONTO 1248 "Ack nedskr bilar/transportmedel"
#SRU 1248 7215
#KONTO 1249 "Ack avskrivn bilar"
#SRU 1249 7215
#KONTO 1250 "Datorer"
#SRU 1250 7215
#KONTO 1251 "Datorer, f”retaget"
#SRU 1251 7215
#KONTO 1257 "Datorer, personal"
#SRU 1257 7215
#KONTO 1258 "Ack nedskrivn datorer"
#SRU 1258 7215
#KONTO 1259 "Ack avskrivn datorer"
#SRU 1259 7215
#KONTO 1260 "Leasade tillg†ngar"
#SRU 1260 7215
#KONTO 1270 "Anl„ggningsdjur"
#SRU 1270 7215
#KONTO 1279 "Ack avskrivn anl„ggningsdjur"
#SRU 1279 7215
#KONTO 1290 "™vriga maskiner och inventarier"
#SRU 1290 7215
#KONTO 1291 "Konst o ej avskrivn inven"
#SRU 1291 7215
#KONTO 1298 "Ack nedskrivn ”vr maskiner/inv"
#SRU 1298 7215
#KONTO 1299 "Ack avskrivn ”vr maskiner/inv"
#SRU 1299 7215
#KONTO 1311 "Aktier sv dotterf”retag"
#SRU 1311 7230
#KONTO 1312 "Aktier utl dotterf”retag"
#SRU 1312 7230
#KONTO 1314 "Aktier/and ”vr utl konc.ftg"
#SRU 1314 7230
#KONTO 1318 "Ack nedskrivn andelar koncern"
#SRU 1318 7230
#KONTO 1330 "Aktier, andra sv f”retag"
#SRU 1330 7231
#KONTO 1338 "Ack nedskrivn andelar int.ftg"
#SRU 1338 7231
#KONTO 1350 "Aktier, andra utl f”retag"
#SRU 1350 7233
#KONTO 1354 "Obligationer, v„rdepapper"
#SRU 1354 7233
#KONTO 1358 "Ack nedskrivn andel/v„rdepapper"
#SRU 1358 7233
#KONTO 1360 "L†n till del„gare eller n„rst†ende, l†ngfristig del"
#SRU 1360 7234
#KONTO 1368 "Ack nedskrivn derivat"
#SRU 1368 7234
#KONTO 1369 "Ack nedskrivn l†n till del„gare eller n„rst†ende, l†ngfrist"
#SRU 1369 7234
#KONTO 1370 "Uppskjuten skattefordran"
#SRU 1370 7235
#KONTO 1380 "L†ngfristiga fordringar"
#SRU 1380 7235
#KONTO 1382 "Fordringar hos anst„llda"
#SRU 1382 7235
#KONTO 1383 "Depositioner"
#SRU 1383 7235
#KONTO 1384 "Derivat,l†ngfristiga v„rdepappersinnehav"
#SRU 1384 7235
#KONTO 1390 "Ack nedskr l†ngfr fordr"
#SRU 1390 7234
#KONTO 1410 "Lager av r†varor"
#SRU 1410 7241
#KONTO 1419 "F”r„ndring av lager av r†varor"
#SRU 1419 7241
#KONTO 1420 "Lager av tillsatsmaterial och f”rn”denheter"
#SRU 1420 7241
#KONTO 1429 "F”r„ndring av lager av tillsatsmaterial och f”rn”denheter"
#SRU 1429 7241
#KONTO 1430 "Lager av halvfabrikat"
#SRU 1430 7242
#KONTO 1431 "Lager av k”pta halvfabrikat"
#SRU 1431 7241
#KONTO 1432 "Lager av egentillverkade halvfabrikat"
#SRU 1432 7242
#KONTO 1438 "F”r„ndring av lager av k”pta halvfabrikat"
#SRU 1438 7242
#KONTO 1439 "F”r„ndring av lager av egentillverkade halvfabrikat"
#SRU 1439 7242
#KONTO 1440 "Produkter i arbete"
#SRU 1440 7242
#KONTO 1449 "F”r„ndring av produkter i arbete"
#SRU 1449 7242
#KONTO 1450 "Lager av f„rdiga varor"
#SRU 1450 7243
#KONTO 1459 "F”r„ndring av lager av f„rdiga varor"
#SRU 1459 7243
#KONTO 1460 "Lager av handelsvaror"
#SRU 1460 7243
#KONTO 1462 "Varor p† v„g"
#SRU 1462 7243
#KONTO 1465 "Lager varor VMB"
#SRU 1465 7243
#KONTO 1466 "Nedskrivn lager varor VMB"
#SRU 1466 7243
#KONTO 1467 "Lager varor VMB f”renklad"
#SRU 1467 7243
#KONTO 1469 "F”r„ndring av lager av handelsvaror"
#SRU 1469 7243
#KONTO 1470 "P†g†ende arbete"
#SRU 1470 7245
#KONTO 1471 "P†g†ende arbeten, nedlagda kostnader"
#SRU 1471 7245
#KONTO 1480 "F”rskott till leverant”r"
#SRU 1480 7246
#KONTO 1481 "Remburser"
#SRU 1481 7246
#KONTO 1490 "™vriga lagertillg†ngar"
#SRU 1490 7244
#KONTO 1491 "lager av v„rdepapper"
#SRU 1491 7244
#KONTO 1492 "Lager av fastigheter"
#SRU 1492 7244
#KONTO 1493 "Djur som klassificeras som oms„ttningstillg†ng"
#SRU 1493 7244
#KONTO 1510 "Kundfordringar"
#SRU 1510 7251
#KONTO 1512 "Bel†nade fordringar"
#SRU 1512 7251
#KONTO 1515 "Os„kra kundfordringar"
#SRU 1515 7251
#KONTO 1517 "Kvittning kundfaktura"
#SRU 1517 7251
#KONTO 1580 "Kontokort och kuponger"
#SRU 1580 7251
#KONTO 1610 "F”rskott"
#SRU 1610 7261
#KONTO 1611 "Resef”rskott"
#SRU 1611 7261
#KONTO 1613 "™vriga f”rskott"
#SRU 1613 7261
#KONTO 1619 "™vr fordringar hos anst„llda"
#SRU 1619 7261
#KONTO 1620 "Fordran p† best„llare"
#SRU 1620 7262
#KONTO 1630 "Avr„kn skatter och avgifter"
#SRU 1630 7261
#KONTO 1640 "Skattefordringar"
#SRU 1640 7261
#KONTO 1650 "Fordran moms"
#SRU 1650 7261
#KONTO 1680 "™vr kortfristiga fordr"
#SRU 1680 7261
#KONTO 1683 "Derivat kortfristiga fodringar"
#SRU 1683 7261
#KONTO 1684 "Fordring hos leverant”r"
#SRU 1684 7261
#KONTO 1685 "Fordring hos n„rst†ende"
#SRU 1685 7261
#KONTO 1688 "Fordran pensionsf”rs„kring, deklarationspost"
#SRU 1688 7261
#KONTO 1689 "™vriga kortfristiga fordringar"
#SRU 1689 7261
#KONTO 1690 "Fordringar f”r tecknat men ej inbetalt aktiekapital"
#SRU 1690 7261
#KONTO 1710 "F”rutbetalda hyror"
#SRU 1710 7263
#KONTO 1740 "F”rutbet r„nteutgifter"
#SRU 1740 7263
#KONTO 1750 "Upplupna hyresinkomster"
#SRU 1750 7263
#KONTO 1760 "Upplupna inkomstr„ntor"
#SRU 1760 7263
#KONTO 1790 "™vr interimsfordringar"
#SRU 1790 7263
#KONTO 1820 "Obligationer, v„rdepapper"
#SRU 1820 7271
#KONTO 1860 "Andelar i koncernf”retag"
#SRU 1860 7270
#KONTO 1869 "Nedskrivn finansiella instr"
#SRU 1869 7271
#KONTO 1886 "Derivat kortfristga placeringar"
#SRU 1886 7271
#KONTO 1910 "Kassa"
#SRU 1910 7281
#KONTO 1920 "Plusgiro"
#SRU 1920 7281
#KONTO 1930 "Checkr„kningskonto"
#SRU 1930 7281
#KONTO 1940 "™vriga bankkonto"
#SRU 1940 7281
#KONTO 1980 "Valutakonton"
#SRU 1980 7281
#KONTO 1990 "Redovisningsmedel"
#SRU 1990 7281
#KONTO 2081 "Aktiekapital"
#SRU 2081 7301
#KONTO 2084 "™verkursfond/utg†r 20060101"
#SRU 2084 7301
#KONTO 2085 "Uppskrivningsfond"
#SRU 2085 7301
#KONTO 2086 "Reservfond"
#SRU 2086 7301
#KONTO 2091 "Balanserad vinst/f”rlust"
#SRU 2091 7302
#KONTO 2094 "Egna aktier"
#SRU 2094 7302
#KONTO 2097 "™verkursfond"
#SRU 2097 7302
#KONTO 2098 "Vinst/f”rlust f”reg †r"
#SRU 2098 7302
#KONTO 2099 "Redovisat resultat"
#SRU 2099 7302
#KONTO 2110 "Periodiseringsfond TAX 2010"
#SRU 2110 7321
#KONTO 2111 "Periodiseringsfond TAX 2011"
#SRU 2111 7321
#KONTO 2112 "Periodiseringsfond TAX 2012"
#SRU 2112 7321
#KONTO 2113 "Periodiseringsfond TAX 2013"
#SRU 2113 7321
#KONTO 2114 "Periodiseringsfond TAX 2014"
#SRU 2114 7321
#KONTO 2115 "Periodiseringsfond TAX 95"
#SRU 2115 7321
#KONTO 2121 "Periodiseringsfond TAX 2001"
#SRU 2121 7321
#KONTO 2122 "Periodiseringsfond TAX 2002"
#SRU 2122 7321
#KONTO 2123 "Periodiseringsfond TAX 2003"
#SRU 2123 7321
#KONTO 2124 "Periodiseringsfond TAX 2007"
#SRU 2124 7321
#KONTO 2125 "Periodiseringsfond TAX 2005"
#SRU 2125 7321
#KONTO 2126 "Periodiseringsfond TAX 2006"
#SRU 2126 7321
#KONTO 2127 "Periodiseringsfond TAX 2007"
#SRU 2127 7321
#KONTO 2128 "Periodiseringsfond TAX 2008"
#SRU 2128 7321
#KONTO 2129 "Periodiseringsfond TAX 2009"
#SRU 2129 7321
#KONTO 2150 "Ack ”veravskrivningar"
#SRU 2150 7322
#KONTO 2151 "Ack ”veravskr imm anl.tillg"
#SRU 2151 7322
#KONTO 2152 "Ack ”veravskr p† byggn/markanl"
#SRU 2152 7322
#KONTO 2153 "Ack ”veravskr maskiner/inv"
#SRU 2153 7322
#KONTO 2157 "Ack ”veravskr anl„ggningsdjur"
#SRU 2157 7322
#KONTO 2190 "™vr obeskattade reserver"
#SRU 2190 7323
#KONTO 2196 "Lagerreserv"
#SRU 2196 7323
#KONTO 2210 "Avsatt till pensioner"
#SRU 2210 7331
#KONTO 2211 "Avs„ttningar f”r PRI-pensioner"
#SRU 2211 7331
#KONTO 2219 "Avs„ttningar f”r ”vr pensioner"
#SRU 2219 7331
#KONTO 2220 "Garantiskulder"
#SRU 2220 7333
#KONTO 2230 "”vr avs„ttn pensioner och liknande f”rpliktelser"
#SRU 2230 7332
#KONTO 2240 "Avs„ttningar f”r ”vriga pensioner"
#SRU 2240 7333
#KONTO 2250 "”vr avs„ttningar f”r skatter"
#SRU 2250 7333
#KONTO 2253 "Avs„ttning s„rskild l”neskatt, deklarationspost"
#SRU 2253 7333
#KONTO 2323 "Vinstandelsl†n"
#SRU 2323 7350
#KONTO 2324 "Kapitalandelsl†n"
#SRU 2324 7350
#KONTO 2330 "Checkr„kningskredit"
#SRU 2330 7281
#KONTO 2350 "Reversl†n"
#SRU 2350 7352
#KONTO 2355 "L†n i utl„ndsk valuta"
#SRU 2355 7352
#KONTO 2393 "L†n fr†n aktie„gare"
#SRU 2393 7354
#KONTO 2395 "Andra l†n i utl valuta"
#SRU 2395 7354
#KONTO 2396 "Derivat l†ngfristiga skulder"
#SRU 2396 7354
#KONTO 2399 "™vr l†ngfristiga skulder"
#SRU 2399 7354
#KONTO 2410 "Andra kortfristiga l†neskulder till kreditinstitut"
#SRU 2410 7361
#KONTO 2420 "F”rskott fr†n kunder"
#SRU 2420 7362
#KONTO 2440 "Leverant”rsskulder"
#SRU 2440 7365
#KONTO 2449 "Kvittning av leverant”rsfakturor"
#SRU 2449 7365
#KONTO 2450 "fakturerad men ej upparbetad int„kt"
#SRU 2450 7364
#KONTO 2480 "Checkr„kningskredit, kortfristig"
#SRU 2480 7360
#KONTO 2492 "V„xelskulder"
#SRU 2492 7366
#KONTO 2499 "Andra ”vr kortfrist skulder"
#SRU 2499 7369
#KONTO 2510 "Skatteskulder"
#SRU 2510 7261
#KONTO 2513 "Ber„knad fastighetsskatt/fastighetsavgift"
#SRU 2513 7368
#KONTO 2514 "Ber„knad s„rskild l”neskatt p† pensionskostn"
#SRU 2514 7368
#KONTO 2517 "Ber„knad utl„ndsk skatt"
#SRU 2517 7368
#KONTO 2611 "Utg moms f”rs„ljning 25%"
#SRU 2611 7369
#KONTO 2612 "Utg moms egna uttag 25%"
#SRU 2612 7369
#KONTO 2613 "Utg.moms uthyrn.lokal"
#SRU 2613 7369
#KONTO 2614 "Ber moms tjf”rv 25% utl"
#SRU 2614 7369
#KONTO 2615 "Ber moms varuf”rv 25% EU"
#SRU 2615 7369
#KONTO 2617 "Ber utg moms 25% Sv, omv skatteplikt"
#SRU 2617 7369
#KONTO 2621 "Utg moms f”rs„ljning 12%"
#SRU 2621 7369
#KONTO 2622 "Utg moms egna uttag 12%"
#SRU 2622 7369
#KONTO 2624 "Ber moms tjf”rv 12% utl"
#SRU 2624 7369
#KONTO 2631 "Utg moms f”rs„ljning 6% S"
#SRU 2631 7369
#KONTO 2632 "Utg moms egna uttag 6%"
#SRU 2632 7369
#KONTO 2634 "Ber moms tjf”rv 6% utl"
#SRU 2634 7369
#KONTO 2641 "Ing†ende moms"
#SRU 2641 7369
#KONTO 2645 "Ing†ende moms utland"
#SRU 2645 7369
#KONTO 2647 "Ber ing†ende moms Sv, omv skatteplikt"
#SRU 2647 7369
#KONTO 2650 "Moms redovisningskonto"
#SRU 2650 7369
#KONTO 2660 "S„rskilda punktskatter"
#SRU 2660 7369
#KONTO 2710 "Personalens k„llskatt"
#SRU 2710 7369
#KONTO 2730 "Lagstadgade sociala avg"
#SRU 2730 7369
#KONTO 2731 "Avr„kn sociala avgifter"
#SRU 2731 7369
#KONTO 2732 "Avr„kn s„rsk l”nesk pens"
#SRU 2732 7369
#KONTO 2733 "Avr„kn s„rsk sjukf”rs„kringsavg"
#SRU 2733 7369
#KONTO 2750 "Inf”rsel"
#SRU 2750 7369
#KONTO 2790 "™vriga l”neavdrag"
#SRU 2790 7369
#KONTO 2792 "L”nsparande"
#SRU 2792 7369
#KONTO 2793 "Kollektivf”rs„kring mm"
#SRU 2793 7369
#KONTO 2794 "Fackf”reningsavgifter"
#SRU 2794 7369
#KONTO 2795 "Granskningsavgifter"
#SRU 2795 7369
#KONTO 2840 "L†neskulder"
#SRU 2840 7369
#KONTO 2850 "Avr„kn skatter/avgifter"
#SRU 2850 7369
#KONTO 2880 "Skuld erh†llna bidrag"
#SRU 2880 7369
#KONTO 2890 "™vr kortfr skulder"
#SRU 2890 7369
#KONTO 2893 "Skulder n„rst†ende personer"
#SRU 2893 7369
#KONTO 2895 "Derivat kortfr skulder"
#SRU 2895 7369
#KONTO 2910 "Upplupna l”ner"
#SRU 2910 7370
#KONTO 2920 "Upplupna seml”ner"
#SRU 2920 7370
#KONTO 2921 "Upplupna soc.avg sem.l”n"
#SRU 2921 7370
#KONTO 2940 "Upplupna sociala avgifter och andra avgifter"
#SRU 2940 7370
#KONTO 2941 "Ber„kn upplupna sociala avgifter"
#SRU 2941 7370
#KONTO 2943 "Ber„kn uppl s„rsk. l”neskatt pens.kostn, dekl.post"
#SRU 2943 7370
#KONTO 2944 "Ber upplupen avkastnskatt penskostn"
#SRU 2944 7370
#KONTO 2945 "Ber„kn upplupna s„rskild sjuk f”rs„k. avg"
#SRU 2945 7370
#KONTO 2950 "Upplupna avtalade soc avg"
#SRU 2950 7370
#KONTO 2951 "Upplupna avtalade f”rs„kringsavgifter"
#SRU 2951 7370
#KONTO 2959 "Uppl. avt. pens.f”rs„kr.premier, deklarationspost"
#SRU 2959 7370
#KONTO 2960 "Upplupna utgiftsr„ntor"
#SRU 2960 7370
#KONTO 2970 "F”rutbetalda hyresinkomster"
#SRU 2970 7370
#KONTO 2971 "F”rutbetalda hyresint„kter"
#SRU 2971 7370
#KONTO 2979 "™vriga f”rutbetalda int„kter"
#SRU 2979 7370
#KONTO 2990 "™vr interimsskulder"
#SRU 2990 7370
#KONTO 2993 "Ospecificerad skuld till leverant”rer"
#SRU 2993 7370
#KONTO 2995 "Skuld inkomna f”ljesedlar"
#SRU 2995 7370
#KONTO 2999 "™vr uppl kostn/f”rutbet int„kter"
#SRU 2999 7370
#KONTO 3020 "F”rs„ljning VMB varor"
#SRU 3020 7410
#KONTO 3028 "Positiv VM omf”ringskonto"
#SRU 3028 7410
#KONTO 3030 "Positiv VM 25%"
#SRU 3030 7410
#KONTO 3041 "F”rs„ljn tj„nst 25% sv"
#SRU 3041 7410
#KONTO 3042 "F”rs„ljn tj„nst 12% sv"
#SRU 3042 7410
#KONTO 3043 "F”rs„ljn tj„nst 6% sv"
#SRU 3043 7410
#KONTO 3044 "F”rs„ljn tj„nst sv momsfri"
#SRU 3044 7410
#KONTO 3045 "F”rs„ljn tj„nst utanf”r EU momsfri"
#SRU 3045 7410
#KONTO 3046 "F”rs„ljn tj„nst till EU 25%"
#SRU 3046 7410
#KONTO 3048 "F”rs„ljn tj„nst EU momsfri"
#SRU 3048 7410
#KONTO 3051 "F”rs„ljn varor 25% sv"
#SRU 3051 7410
#KONTO 3052 "F”rs„ljn varor 12% sv"
#SRU 3052 7410
#KONTO 3053 "F”rs„ljn varor 6% sv"
#SRU 3053 7410
#KONTO 3054 "F”rs„ljn varor sv momsfri"
#SRU 3054 7410
#KONTO 3055 "F”rs„ljn varor utanf”r EU momsfri"
#SRU 3055 7410
#KONTO 3056 "F”rs„ljn varor till EU 25% momspliktig"
#SRU 3056 7410
#KONTO 3057 "Treparts f”rs„ljn varor till EU 25%"
#SRU 3057 7410
#KONTO 3058 "F”rs„ljn varor EU momsfri"
#SRU 3058 7410
#KONTO 3059 "Momspl uttag av fast.tj 25%"
#SRU 3059 7410
#KONTO 3062 "F”rs varor n„rst f”retag"
#SRU 3062 7410
#KONTO 3100 "F”rs„ljning k”pta produkter"
#SRU 3100 7410
#KONTO 3231 "F”rs„ljn byggtj„nst 25% sv, omv skatteplikt"
#SRU 3231 7410
#KONTO 3510 "Emballage"
#SRU 3510 7410
#KONTO 3520 "Frakter"
#SRU 3520 7410
#KONTO 3521 "Frakter export"
#SRU 3521 7410
#KONTO 3522 "Frakter EU"
#SRU 3522 7410
#KONTO 3530 "Frakt tull och spedition"
#SRU 3530 7410
#KONTO 3540 "Faktureringsavgifter"
#SRU 3540 7410
#KONTO 3541 "Faktureringsavgifter expo"
#SRU 3541 7410
#KONTO 3542 "Faktureringsavgifter EU"
#SRU 3542 7410
#KONTO 3550 "Fakt resekostnader"
#SRU 3550 7410
#KONTO 3561 "Fakt kostn moderftg"
#SRU 3561 7410
#KONTO 3562 "Fakt kostn dotterftg"
#SRU 3562 7410
#KONTO 3563 "Fakt kostn andra koncernftg"
#SRU 3563 7410
#KONTO 3590 "™vr fakt kostnader"
#SRU 3590 7410
#KONTO 3591 "™vr fakt kostnader export"
#SRU 3591 7410
#KONTO 3592 "™vr fakt kostnader EU momsfri"
#SRU 3592 7410
#KONTO 3610 "F”rs„ljning material"
#SRU 3610 7410
#KONTO 3670 "Int„kt v„rdepapper"
#SRU 3670 7410
#KONTO 3671 "F”rs„ljning v„rdepapper"
#SRU 3671 7410
#KONTO 3672 "Utdeln v„rdepapper"
#SRU 3672 7410
#KONTO 3679 "™vr int„kter v„rdepapper"
#SRU 3679 7410
#KONTO 3690 "™vriga sidoint„kter"
#SRU 3690 7410
#KONTO 3731 "Kassarabatter"
#SRU 3731 7410
#KONTO 3732 "L„mnade rabatter"
#SRU 3732 7410
#KONTO 3736 "Kassarabatter export"
#SRU 3736 7410
#KONTO 3737 "Kassarabatter EU momsfri"
#SRU 3737 7410
#KONTO 3740 "™resutj„mning"
#SRU 3740 7410
#KONTO 3840 "Aktiverat arbete (material)"
#SRU 3840 7412
#KONTO 3850 "Aktiverat arbete (omkostnader)"
#SRU 3850 7412
#KONTO 3870 "Aktiverat arbete (personal)"
#SRU 3870 7412
#KONTO 3911 "Hyresint„kter"
#SRU 3911 7413
#KONTO 3912 "Hyresint„kter frivilligskattskyldighet"
#SRU 3912 7413
#KONTO 3921 "Provisionsint„kter"
#SRU 3921 7413
#KONTO 3940 "Orealiserad negativ f”r„ndr s„k. instrum"
#SRU 3940 7413
#KONTO 3950 "Źtervunna kundf”rluster"
#SRU 3950 7413
#KONTO 3960 "Kursvinst r”relsen"
#SRU 3960 7413
#KONTO 3971 "Vinst avyttr imm anl tillg"
#SRU 3971 7413
#KONTO 3972 "Vinst avyttr fastigheter"
#SRU 3972 7413
#KONTO 3973 "Vinst avyttr maskiner/inv"
#SRU 3973 7413
#KONTO 3974 "Vinst avyttr bilar och transportmedel"
#SRU 3974 7413
#KONTO 3977 "Vinst avyttr anl„ggningsdjur"
#SRU 3977 7413
#KONTO 3985 "Erh†llna statliga bidrag"
#SRU 3985 7413
#KONTO 3987 "Erh†llna kommunala bidrag"
#SRU 3987 7413
#KONTO 3988 "Erh†llna bidrag personal"
#SRU 3988 7413
#KONTO 3989 "™vriga erh†llna bidrag"
#SRU 3989 7413
#KONTO 3990 "™vr ers„ttn och int„ker"
#SRU 3990 7413
#KONTO 3994 "F”rs„kringsers„ttningar"
#SRU 3994 7413
#KONTO 3996 "Erh†llna reklambidrag"
#SRU 3996 7413
#KONTO 3997 "Sjukl”neers„ttning"
#SRU 3997 7413
#KONTO 3999 "P†minnelseavgift"
#SRU 3999 7413
#KONTO 4010 "Ink”p materiel och varor"
#SRU 4010 7511
#KONTO 4020 "Ink”p VMB varor"
#SRU 4020 7511
#KONTO 4028 "Negativ VM omf”ringskonto"
#SRU 4028 7511
#KONTO 4030 "Negativ VM"
#SRU 4030 7511
#KONTO 4031 "Ink”p vissa varor i Sverige 25%"
#SRU 4031 7511
#KONTO 4032 "Ink”p vissa varor i Sverige 12%"
#SRU 4032 7511
#KONTO 4033 "Ink”p vissa varor i Sverige 6%"
#SRU 4033 7511
#KONTO 4041 "Ink”p vissa tj„nster i Sverige 25%"
#SRU 4041 7511
#KONTO 4042 "Ink”p vissa tj„nster i Sverige 12%"
#SRU 4042 7511
#KONTO 4043 "Ink”p vissa tj„nster i Sverige 6%"
#SRU 4043 7511
#KONTO 4054 "Ink”p varor 6% EU"
#SRU 4054 7511
#KONTO 4055 "Trepartsf”rv varor fr EU"
#SRU 4055 7511
#KONTO 4056 "Ink”p varor 25% EU"
#SRU 4056 7511
#KONTO 4057 "Ink”p varor 12% EU"
#SRU 4057 7511
#KONTO 4058 "Ink”p varor EU momsfri"
#SRU 4058 7511
#KONTO 4100 "Kostn uthyrn lokal sk.pl"
#SRU 4100 7511
#KONTO 4425 "Ink”p tj„nster Sv, omv skattskyld"
#SRU 4425 7511
#KONTO 4600 "Legoarbeten, underentrepr"
#SRU 4600 7512
#KONTO 4731 "Erh†llna kassarabatter"
#SRU 4731 7511
#KONTO 4733 "Erh†llet aktivitetsst”d"
#SRU 4733 7511
#KONTO 4940 "F”r„ndr produkter i arbet"
#SRU 4940 7411
#KONTO 4950 "F”r„ndr lager f„rdigvaror"
#SRU 4950 7411
#KONTO 4970 "F”r„ndr p†g arbete"
#SRU 4970 7411
#KONTO 4980 "F”r„ndr v„rdepapper"
#SRU 4980 7512
#KONTO 4981 "S†lda v„rdepappers ansk.kostn"
#SRU 4981 7512
#KONTO 4987 "Nedskrivn v„rdepapper"
#SRU 4987 7512
#KONTO 4990 "Lagerf”r„ndring"
#SRU 4990 7411
#KONTO 5010 "Lokalhyra"
#SRU 5010 7513
#KONTO 5020 "El hyrd lokal"
#SRU 5020 7513
#KONTO 5030 "V„rme hyrd lokal"
#SRU 5030 7513
#KONTO 5050 "Lokaltillbeh”r hyrd lokal"
#SRU 5050 7513
#KONTO 5060 "St„dning, renh†llning"
#SRU 5060 7513
#KONTO 5070 "Reparationer hyrd lokal"
#SRU 5070 7513
#KONTO 5090 "™vr kostnader hyrd lokal"
#SRU 5090 7513
#KONTO 5120 "Belysning"
#SRU 5120 7513
#KONTO 5130 "V„rme"
#SRU 5130 7513
#KONTO 5132 "Sotning"
#SRU 5132 7513
#KONTO 5140 "Vatten och avlopp"
#SRU 5140 7513
#KONTO 5160 "Renh†lln och st„dning"
#SRU 5160 7513
#KONTO 5170 "Rep och underh†ll fastighet"
#SRU 5170 7513
#KONTO 5191 "Fastighetsskatt"
#SRU 5191 7513
#KONTO 5192 "F”rs„kringsprem fastighet"
#SRU 5192 7513
#KONTO 5193 "Fastighetssk”tsel och f”rvaltn"
#SRU 5193 7513
#KONTO 5198 "™vr fastighetskostn avdragsgill"
#SRU 5198 7513
#KONTO 5199 "™vr fastighetskostnr ej avdragsgill"
#SRU 5199 7513
#KONTO 5210 "Hyra arbetsmaskiner"
#SRU 5210 7513
#KONTO 5220 "Hyra inventarier"
#SRU 5220 7513
#KONTO 5290 "™vr hyreskostn anl tillg"
#SRU 5290 7513
#KONTO 5310 "El f”r drift"
#SRU 5310 7513
#KONTO 5380 "Vatten"
#SRU 5380 7513
#KONTO 5390 "™vriga br„nslen"
#SRU 5390 7513
#KONTO 5410 "F”rbrukningsinventarier"
#SRU 5410 7513
#KONTO 5420 "Programvaror"
#SRU 5420 7513
#KONTO 5460 "F”rbrukningsmaterial"
#SRU 5460 7513
#KONTO 5480 "Arbetskl„der o skyddsmtrl"
#SRU 5480 7513
#KONTO 5500 "Reparation och underh†ll"
#SRU 5500 7513
#KONTO 5611 "Drivmedel personbilar"
#SRU 5611 7513
#KONTO 5612 "Skatt f”rs„kr personbilar"
#SRU 5612 7513
#KONTO 5613 "Reparation personbilar"
#SRU 5613 7513
#KONTO 5615 "Leasingavg personbilar"
#SRU 5615 7513
#KONTO 5616 "Tr„ngselskatter avdragsg"
#SRU 5616 7513
#KONTO 5618 "Tr„ngselskatter, ej avdragsg"
#SRU 5618 7513
#KONTO 5690 "™vr transportmedel"
#SRU 5690 7513
#KONTO 5710 "Frakt och transport"
#SRU 5710 7513
#KONTO 5720 "Tull- och speditionskost"
#SRU 5720 7513
#KONTO 5800 "Resekostnader"
#SRU 5800 7513
#KONTO 5910 "Annonsering"
#SRU 5910 7513
#KONTO 5930 "Reklamtrycksaker"
#SRU 5930 7513
#KONTO 5940 "Utst„llning och m„ssor"
#SRU 5940 7513
#KONTO 5990 "™vrig reklam"
#SRU 5990 7513
#KONTO 6010 "Kataloger och prislistor"
#SRU 6010 7513
#KONTO 6040 "Kontokortsavgifter"
#SRU 6040 7513
#KONTO 6050 "F”rs„ljningsprovision"
#SRU 6050 7513
#KONTO 6060 "Kreditf”rs„ljningskostnad"
#SRU 6060 7513
#KONTO 6063 "Kreditf”rs„kringspremier"
#SRU 6063 7513
#KONTO 6064 "Factoringavgifter"
#SRU 6064 7513
#KONTO 6069 "™vr kreditf”rs„ljnkostnader"
#SRU 6069 7513
#KONTO 6071 "Repr avdr.gill"
#SRU 6071 7513
#KONTO 6072 "Repr ej avdr.gill"
#SRU 6072 7513
#KONTO 6080 "Bankgarantier"
#SRU 6080 7513
#KONTO 6090 "™vr f”rs„ljningskostnader"
#SRU 6090 7513
#KONTO 6110 "Kontorsmaterial"
#SRU 6110 7513
#KONTO 6150 "Trycksaker"
#SRU 6150 7513
#KONTO 6211 "Fast telefoni"
#SRU 6211 7513
#KONTO 6212 "Mobiltelefon"
#SRU 6212 7513
#KONTO 6213 "Mobils”kning"
#SRU 6213 7513
#KONTO 6214 "Fax"
#SRU 6214 7513
#KONTO 6230 "Datakommunikation"
#SRU 6230 7513
#KONTO 6250 "Porto"
#SRU 6250 7513
#KONTO 6310 "F”retagsf”rs„kringar"
#SRU 6310 7513
#KONTO 6320 "Sj„lvrisker"
#SRU 6320 7513
#KONTO 6340 "L„mnade skadest†nd"
#SRU 6340 7513
#KONTO 6350 "Kundf”rluster"
#SRU 6350 7513
#KONTO 6390 "™vriga riskkostnader"
#SRU 6390 7513
#KONTO 6410 "Styrelsearvode"
#SRU 6410 7513
#KONTO 6420 "Revisionsarvode"
#SRU 6420 7513
#KONTO 6430 "Management fees"
#SRU 6430 7513
#KONTO 6440 "Źrsredovisn, del†rsrapporter"
#SRU 6440 7513
#KONTO 6450 "Bolagsst„mma"
#SRU 6450 7513
#KONTO 6490 "™vr f”rvaltningskostnader"
#SRU 6490 7513
#KONTO 6530 "Redovisningstj„nster"
#SRU 6530 7513
#KONTO 6540 "IT-tj„nster"
#SRU 6540 7513
#KONTO 6550 "Konsultarvoden"
#SRU 6550 7513
#KONTO 6570 "Bankkostnader"
#SRU 6570 7513
#KONTO 6580 "Advokatkostnader"
#SRU 6580 7513
#KONTO 6590 "™vr fr„mmande tj„nster"
#SRU 6590 7513
#KONTO 6800 "Inhyrd personal"
#SRU 6800 7513
#KONTO 6970 "Tidningar, facklitteratur"
#SRU 6970 7513
#KONTO 6981 "F”reningsavg avdr gill"
#SRU 6981 7513
#KONTO 6982 "F”reningsavg ej avdr gill"
#SRU 6982 7513
#KONTO 6991 "™vr avdr gill kostn"
#SRU 6991 7513
#KONTO 6992 "™vr ej avdr gill kostn"
#SRU 6992 7513
#KONTO 6993 "L„mnade bidrag och g†vor"
#SRU 6993 7513
#KONTO 6996 "Betald utl„ndsk inkomstskatt"
#SRU 6996 7513
#KONTO 6997 "Obetald utl„ndsk inkomstskatt"
#SRU 6997 7513
#KONTO 7010 "L”n kollektivanst„llda"
#SRU 7010 7514
#KONTO 7013 "L”n kollektivanst utland"
#SRU 7013 7514
#KONTO 7014 "L”n kollektivanst„llda nya pens"
#SRU 7014 7514
#KONTO 7030 "L”n kollektivanst„llda, utland"
#SRU 7030 7514
#KONTO 7033 "L”n kollektivanst„llda under 26 †r (utland)"
#SRU 7033 7514
#KONTO 7081 "Sjukl”n kollektivanst„llda"
#SRU 7081 7514
#KONTO 7082 "Semesterl”ner till kollektivanst„llda"
#SRU 7082 7514
#KONTO 7083 "F”r„ldraers kollektivanst„llda"
#SRU 7083 7514
#KONTO 7089 "™vr l”ner kollektivanst ej arb tid"
#SRU 7089 7514
#KONTO 7090 "F”r„ndr sem l”neskuld"
#SRU 7090 7514
#KONTO 7210 "L”n tj„nstem„n"
#SRU 7210 7514
#KONTO 7211 "L”n Extra s„ljare"
#SRU 7211 7514
#KONTO 7213 "L”n tj„nstem„n, utland"
#SRU 7213 7514
#KONTO 7214 "L”n tj„nstem„n nya pens"
#SRU 7214 7514
#KONTO 7220 "L”n f”retagsledare"
#SRU 7220 7514
#KONTO 7223 "L”n f”retagsledare, utland"
#SRU 7223 7514
#KONTO 7224 "L”n f”retagsledare nya pens"
#SRU 7224 7514
#KONTO 7225 "L”n f”retagsledare, l”neskatt"
#SRU 7225 7514
#KONTO 7230 "L”n tj„nstem„n, f”retagsledare, utland"
#SRU 7230 7514
#KONTO 7233 "L”n tj„nstem„n och f”retagsledare under 26 †r, utland"
#SRU 7233 7514
#KONTO 7281 "Sjukl”n tj„nstem„n"
#SRU 7281 7514
#KONTO 7282 "Sjukl”ner till ftgledare"
#SRU 7282 7514
#KONTO 7283 "F”r„ldraers tj„nstem„n"
#SRU 7283 7514
#KONTO 7284 "F”r„ldraers ftgledare"
#SRU 7284 7514
#KONTO 7285 "Semesterl”n tj„nstem„n"
#SRU 7285 7514
#KONTO 7286 "Semesterl”n ftgledare"
#SRU 7286 7514
#KONTO 7288 "™vr l”ner tj„nstem„n ej arb tid"
#SRU 7288 7514
#KONTO 7289 "™vr l”ner ftgledare ej arb tid"
#SRU 7289 7514
#KONTO 7290 "F”r„ndr sem l”neskuld"
#SRU 7290 7514
#KONTO 7310 "Kontanta extra ers„ttn"
#SRU 7310 7514
#KONTO 7321 "Skattefria trakt Sverige"
#SRU 7321 7514
#KONTO 7322 "Skattepl trakt Sverige"
#SRU 7322 7514
#KONTO 7323 "Skattefria trakt utland"
#SRU 7323 7514
#KONTO 7324 "Skattepl trakt utland"
#SRU 7324 7514
#KONTO 7331 "Skattefri bilers„ttning"
#SRU 7331 7514
#KONTO 7332 "Skattepl bilers„ttning"
#SRU 7332 7514
#KONTO 7333 "Skattefri ers tr„ngselskatt"
#SRU 7333 7514
#KONTO 7338 "Skattepliktig ers tr„ngselskatt"
#SRU 7338 7514
#KONTO 7381 "Kostn f”r fri bostad"
#SRU 7381 7514
#KONTO 7382 "Kostn fria/subv m†ltider"
#SRU 7382 7514
#KONTO 7385 "Kostnader f”r fri bil/fri bensin"
#SRU 7385 7514
#KONTO 7387 "Kostn f”r l†nedator"
#SRU 7387 7514
#KONTO 7389 "™vriga kostn naturaf”rm"
#SRU 7389 7514
#KONTO 7390 "™vr kostnadsers„ttningar"
#SRU 7390 7514
#KONTO 7391 "Resekostn.ers mot utl„gg"
#SRU 7391 7514
#KONTO 7392 "Kostn f”rm†n, hush†llsn„ra tj„nster"
#SRU 7392 7514
#KONTO 7399 "Motkontering av f”rm†n"
#SRU 7399 7514
#KONTO 7411 "Kollektiv pensionsf”rs„kring"
#SRU 7411 7514
#KONTO 7412 "Indiv pensionsf”rs„kring"
#SRU 7412 7514
#KONTO 7461 "Pensionsutbetalningar till kollektivanst"
#SRU 7461 7514
#KONTO 7462 "Pensionsutbetalningar till tj„nstem„n"
#SRU 7462 7514
#KONTO 7490 "™vriga pensionskostnader"
#SRU 7490 7514
#KONTO 7510 "Arbetsgivaravgifter"
#SRU 7510 7514
#KONTO 7519 "Soc.avgifter semesterl”n"
#SRU 7519 7514
#KONTO 7520 "Arbetsgivaravg (nya pensionssystemet)"
#SRU 7520 7514
#KONTO 7521 "Arbgivaravg l”ner ers (nya pensionssyst)"
#SRU 7521 7514
#KONTO 7531 "L”neskatt"
#SRU 7531 7514
#KONTO 7532 "S„rskild l”neskatt pensionskostnader, dekl.post"
#SRU 7532 7514
#KONTO 7533 "S„rsk l”neskatt pensionsk"
#SRU 7533 7514
#KONTO 7540 "S„rsk sjukf”rs„k avg"
#SRU 7540 7514
#KONTO 7550 "Avkastningsskatt pension"
#SRU 7550 7514
#KONTO 7560 "Arbetsgivaravgifter under 26 †r"
#SRU 7560 7514
#KONTO 7570 "AMF enl avtal"
#SRU 7570 7514
#KONTO 7571 "Arbetsmarknadsf”rs„kring f”rs„kringsavgifter"
#SRU 7571 7514
#KONTO 7572 "Arb.marknadsf”rs„kr. pens.f”rs„kr.prem, dekl.post"
#SRU 7572 7514
#KONTO 7583 "Gruppolycksfallsf”rs„kringspremier"
#SRU 7583 7514
#KONTO 7589 "™vr gruppf”rs„kringspremier"
#SRU 7589 7514
#KONTO 7610 "Utbildning"
#SRU 7610 7514
#KONTO 7620 "Sjuk- och h„lsov†rd"
#SRU 7620 7514
#KONTO 7650 "Sjukl”nef”rs„kring"
#SRU 7650 7514
#KONTO 7690 "™vr personalkostnader"
#SRU 7690 7514
#KONTO 7710 "Nedskrivn av imm anl tillg"
#SRU 7710 7515
#KONTO 7720 "Nedskrivn av byggnader och mark"
#SRU 7720 7515
#KONTO 7730 "Nedskrivn av maskiner och inv"
#SRU 7730 7515
#KONTO 7760 "Źterf”ring av nedskrivn imm anl tillg"
#SRU 7760 7515
#KONTO 7770 "Źterf”ring av nedskrivn byggn/mark"
#SRU 7770 7515
#KONTO 7780 "Źterf”ring av nedskrivn maskiner/inv"
#SRU 7780 7515
#KONTO 7810 "Avskrivningar imm anl tillg"
#SRU 7810 7515
#KONTO 7811 "Avskrivningar balanserade utgifter"
#SRU 7811 7515
#KONTO 7813 "Avskrivningar patent"
#SRU 7813 7515
#KONTO 7814 "Avskrivningar licenser"
#SRU 7814 7515
#KONTO 7815 "Avskrivningar varum„rken"
#SRU 7815 7515
#KONTO 7816 "Avskrivningar hyresr„tt"
#SRU 7816 7515
#KONTO 7817 "Avskrivningar goodwill"
#SRU 7817 7515
#KONTO 7820 "Avskrivningar byggnader/mark"
#SRU 7820 7515
#KONTO 7821 "Avskrivn byggnader"
#SRU 7821 7515
#KONTO 7822 "Avskrivn byggnadsinv"
#SRU 7822 7515
#KONTO 7824 "Avskrivn markanl„ggn"
#SRU 7824 7515
#KONTO 7829 "Avskrivningar ”vr byggnader"
#SRU 7829 7515
#KONTO 7830 "Avskrivningar maskiner/inventarier"
#SRU 7830 7515
#KONTO 7831 "Avskrivn arbetsmaskiner"
#SRU 7831 7515
#KONTO 7832 "Avskrivn inventarier"
#SRU 7832 7515
#KONTO 7833 "Avskrivningar installationer"
#SRU 7833 7515
#KONTO 7834 "Avskrivn bilar"
#SRU 7834 7515
#KONTO 7835 "Avskrivningar datorer"
#SRU 7835 7515
#KONTO 7836 "Avskrivningar leasade tillg"
#SRU 7836 7515
#KONTO 7837 "Avskrivningar anl„ggningsdjur"
#SRU 7837 7515
#KONTO 7840 "Avskrivningar p† f”rb„ttringutgifter p† annans fastighet"
#SRU 7840 7515
#KONTO 7940 "Orealiserad positiv v„rdef”r s„kr instr"
#SRU 7940 7517
#KONTO 7960 "Kursf”rluster"
#SRU 7960 7517
#KONTO 7970 "F”rlust avyttr imm/mat anl tillg"
#SRU 7970 7517
#KONTO 7971 "F”rlust avyttr imm anl tillg"
#SRU 7971 7517
#KONTO 7972 "F”rlust avyttr fastigheter"
#SRU 7972 7517
#KONTO 7973 "F”rlust avyttr maskiner/inv"
#SRU 7973 7517
#KONTO 7977 "F”rlust avyttr anl„ggningsdjur"
#SRU 7977 7517
#KONTO 8012 "Utdeln andelar dotterbolag"
#SRU 8012 7414
#KONTO 8014 "Koncernbidrag"
#SRU 8014 7414
#KONTO 8019 "™vr utdeln andelar koncernftg"
#SRU 8019 7414
#KONTO 8210 "Utdeln andelar andra f”retag"
#SRU 8210 7416
#KONTO 8221 "Res f”rs andelar ”vr f”retag"
#SRU 8221 7416
#KONTO 8222 "Res lf fordr ”vr f”retag"
#SRU 8222 7416
#KONTO 8223 "Res f”rs derivat"
#SRU 8223 7416
#KONTO 8230 "Valutakursdiff l†ngfr fordr"
#SRU 8230 7416
#KONTO 8240 "Resultatandelar handelsbolag (andra ftg)"
#SRU 8240 7416
#KONTO 8270 "Nedskr andel/lf fordr ”vr ftg"
#SRU 8270 7521
#KONTO 8280 "Źterf nedskr and/lf ford ” ftg"
#SRU 8280 7521
#KONTO 8291 "Orealiserade f”r„ndr anl„ggningstillg"
#SRU 8291 7416
#KONTO 8295 "Orealiserade f”r„ndr derivat"
#SRU 8295 7416
#KONTO 8300 "R„nteint„kter"
#SRU 8300 7416
#KONTO 8310 "R„nteint„kter oms„ttningstillg†ngar"
#SRU 8310 7417
#KONTO 8313 "R„nteint„kter kundfordringar"
#SRU 8313 7417
#KONTO 8321 "Orealiserade f”r„ndr oms„ttn tillg"
#SRU 8321 7417
#KONTO 8325 "Orealiserade f”r„ndr derivat oms„ttn tillg"
#SRU 8325 7417
#KONTO 8331 "Valutakursvinster"
#SRU 8331 7417
#KONTO 8336 "Valutakursf”rluster"
#SRU 8336 7417
#KONTO 8390 "™vr finansiella int„kter"
#SRU 8390 7417
#KONTO 8400 "R„ntekostnader"
#SRU 8400 7522
#KONTO 8422 "R„ntekostnader levskulder"
#SRU 8422 7522
#KONTO 8431 "Valutakursvinst skulder"
#SRU 8431 7522
#KONTO 8436 "Valutakursf”rlust skulder"
#SRU 8436 7522
#KONTO 8451 "Orealiserade f”r„ndr skulder"
#SRU 8451 7522
#KONTO 8452 "Orealiserade f”r„ndr s„kr instr"
#SRU 8452 7522
#KONTO 8490 "™vr finansiella kostnader"
#SRU 8490 7522
#KONTO 8811 "Avs„ttning per fond"
#SRU 8811 7525
#KONTO 8819 "Źterf”ring av per fond"
#SRU 8819 7420
#KONTO 8820 "Mottagna koncernbidrag"
#SRU 8820 7419
#KONTO 8830 "L„mnade koncernbidrag"
#SRU 8830 7524
#KONTO 8850 "Avskrivn ”ver/under plan"
#SRU 8850 7421
#KONTO 8851 "™veravskrivningar imm anl tillg"
#SRU 8851 7421
#KONTO 8852 "™veravskrivningar byggnader/mark"
#SRU 8852 7421
#KONTO 8853 "™veravskrivningar maskiner/inv"
#SRU 8853 7421
#KONTO 8857 "™veravskrivningar anl„ggningsdjur"
#SRU 8857 7421
#KONTO 8896 "F”r„ndring lagerreserv"
#SRU 8896 7422
#KONTO 8910 "Źrets skattekostnad"
#SRU 8910 7528
#KONTO 8999 "Redovisat resultat"
#SRU 8999 7450
#UB 0 1221 518057.53
#UB -1 1221 518057.53
#IB 0 1221 518057.53
#UB 0 1229 -366754.50
#UB -1 1229 -366754.50
#IB 0 1229 -366754.50
#UB 0 1460 513407.33
#UB -1 1460 656728.33
#IB 0 1460 656728.33
#UB 0 1510 909023.62
#UB -1 1510 1050982.35
#IB 0 1510 1050982.35
#UB 0 1710 51000.00
#UB -1 1710 17000.00
#IB 0 1710 17000.00
#UB 0 1910 2803.00
#UB -1 1910 3038.00
#IB 0 1910 3038.00
#UB 0 1920 200773.23
#UB -1 1920 131834.23
#IB 0 1920 131834.23
#UB 0 1930 1221644.41
#UB -1 1930 746686.19
#IB 0 1930 746686.19
#UB 0 1940 1500000.00
#UB -1 1940 1500000.00
#IB 0 1940 1500000.00
#UB 0 2081 -200000.00
#UB -1 2081 -200000.00
#IB 0 2081 -200000.00
#UB 0 2086 -20000.00
#UB -1 2086 -20000.00
#IB 0 2086 -20000.00
#UB 0 2091 -1145096.80
#UB -1 2091 -1145096.80
#IB 0 2091 -1145096.80
#UB 0 2098 -485166.48
#UB -1 2098 -485166.48
#IB 0 2098 -485166.48
#UB 0 2099 -585964.73
#UB -1 2099 -585964.73
#IB 0 2099 -585964.73
#UB 0 2124 -87500.00
#UB -1 2124 -87500.00
#IB 0 2124 -87500.00
#UB 0 2125 -36800.00
#UB -1 2125 -36800.00
#IB 0 2125 -36800.00
#UB 0 2127 -187000.00
#UB -1 2127 -187000.00
#IB 0 2127 -187000.00
#UB 0 2440 -420452.99
#UB -1 2440 -234973.13
#IB 0 2440 -234973.13
#UB 0 2510 227500.00
#UB -1 2510 210000.00
#IB 0 2510 210000.00
#UB 0 2611 -117572.15
#UB 0 2615 -2493.56
#UB 0 2641 78335.17
#UB 0 2645 2493.56
#UB 0 2650 -102892.00
#UB -1 2650 -119375.00
#IB 0 2650 -119375.00
#UB 0 2710 -26133.00
#UB -1 2710 -24790.00
#IB 0 2710 -24790.00
#UB 0 2732 -10500.00
#UB -1 2732 -10500.00
#IB 0 2732 -10500.00
#UB 0 2790 -250.00
#UB -1 2790 -250.00
#IB 0 2790 -250.00
#UB 0 2794 -8887.65
#UB -1 2794 -7089.31
#IB 0 2794 -7089.31
#UB 0 2920 -165387.94
#UB -1 2920 -163438.89
#IB 0 2920 -163438.89
#UB 0 2921 -44983.21
#UB -1 2921 -44983.21
#IB 0 2921 -44983.21
#UB 0 2940 -34882.08
#UB -1 2940 -32812.86
#IB 0 2940 -32812.86
#UB 0 2941 -8013.98
#UB -1 2941 -7487.61
#IB 0 2941 -7487.61
#RES 0 3041 -116550.00
#RES -1 3041 -1690380.20
#RES 0 3045 -44199.86
#RES -1 3045 -512299.95
#RES 0 3048 -50400.00
#RES -1 3048 -446450.00
#RES 0 3051 -353738.60
#RES -1 3051 -2985859.20
#RES 0 3055 -128200.00
#RES -1 3055 -92500.95
#RES -1 3058 -42350.00
#RES -1 3540 -20.00
#RES -1 3541 -20.00
#RES -1 3542 -20.00
#RES -1 3590 -7224.00
#RES -1 3592 -5689.00
#RES 0 3740 2.23
#RES -1 3740 -5.06
#RES -1 3960 3944.95
#RES 0 4010 227470.75
#RES -1 4010 2391104.75
#RES 0 4056 9974.24
#RES -1 4056 151216.50
#RES 0 4990 143321.00
#RES -1 4990 -75787.51
#RES 0 5010 17000.00
#RES -1 5010 203500.00
#RES 0 5020 2560.00
#RES -1 5020 8822.40
#RES 0 5090 420.00
#RES -1 5090 6373.60
#RES -1 5410 16636.00
#RES -1 5420 1200.00
#RES -1 5460 14420.08
#RES 0 5611 4504.00
#RES -1 5611 25380.87
#RES -1 5612 4850.00
#RES 0 5613 2926.40
#RES -1 5613 14713.53
#RES 0 5615 4050.00
#RES -1 5615 51345.00
#RES -1 5800 16088.82
#RES -1 5910 680.00
#RES 0 5930 1883.20
#RES -1 5930 10876.80
#RES -1 6071 2546.00
#RES 0 6110 2080.00
#RES -1 6110 12386.40
#RES -1 6211 9115.20
#RES 0 6212 3406.40
#RES -1 6212 13159.20
#RES -1 6250 4240.00
#RES -1 6310 10300.00
#RES 0 6420 16000.00
#RES -1 6420 20320.00
#RES 0 6530 3368.00
#RES -1 6530 14480.00
#RES -1 6570 2000.00
#RES -1 6970 2684.00
#RES 0 7010 53905.88
#RES -1 7010 617171.14
#RES 0 7081 900.96
#RES -1 7081 11668.72
#RES 0 7082 5342.64
#RES -1 7082 95723.36
#RES 0 7090 1187.95
#RES -1 7090 -19828.33
#RES 0 7210 44924.81
#RES -1 7210 539592.19
#RES -1 7281 7172.48
#RES 0 7285 5017.95
#RES -1 7285 65037.17
#RES 0 7290 761.10
#RES -1 7290 5513.13
#RES -1 7321 546.00
#RES -1 7331 92.50
#RES 0 7385 3208.00
#RES -1 7385 40480.80
#RES 0 7399 -3208.00
#RES -1 7399 -40480.80
#RES 0 7510 34185.03
#RES -1 7510 412783.09
#RES 0 7519 526.37
#RES -1 7519 -5001.54
#RES 0 7560 697.05
#RES -1 7560 9416.38
#RES 0 7570 12500.00
#RES -1 7570 30100.00
#RES -1 7620 1750.00
#RES 0 7690 209.83
#RES -1 7690 1629.26
#RES -1 8300 -1487.89
