; original: Sie2.se | sietype: 2 | vendor: softone | source: unknown
#FLAGGA  0
#PROGRAM "SoftOne Business Redovisning"  2016.SV.02
#FORMAT  PC8
#GEN     20160224  KH
#SIETYP  2
#PROSA   " "
#FNR     910
#ORGNR    556654-7898
#ADRESS  "                              "  "Postgatan 77                  "  "777 77 Staden                        "  "077-77 77 00        "
#FNAMN   "Demoföretaget AB"
#RAR     0  20140101  20141231
#OMFATTN    20140131
#KONTO   1010      "Balanserade utgifter"
#KTYP    1010      T
#KONTO   1019      "Ack avskr pć balans utg  "
#KTYP    1019      T
#KONTO   1040      "Licenser"
#KTYP    1040      T
#KONTO   1060      "Hyres-, tomträtter"
#KTYP    1060      T
#KONTO   1069      "Ack avskr pć hyresrätter "
#KTYP    1069      T
#KONTO   1070      "Goodwill"
#KTYP    1070      T
#KONTO   1079      "Ack avskr pć goodwill"
#KTYP    1079      T
#KONTO   1090      "Övr. immateriella anläggn"
#KTYP    1090      T
#KONTO   1099      "Ack avskr övr immat anlti"
#KTYP    1099      T
#KONTO   1110      "Byggnader"
#KTYP    1110      T
#KONTO   1119      "Ack avskr byggn"
#KTYP    1119      T
#KONTO   1130      "Mark"
#KTYP    1130      T
#KONTO   1150      "Markanläggningar"
#KTYP    1150      T
#KONTO   1159      "Ack avskr markanläggn"
#KTYP    1159      T
#KONTO   1210      "Mask o andra tekn anl"
#KTYP    1210      T
#KONTO   1219      "Ack avskr mask o tekn anl"
#KTYP    1219      T
#KONTO   1220      "Inventarier och verktyg  "
#KTYP    1220      T
#KONTO   1229      "Ack avskr inv o verktyg  "
#KTYP    1229      T
#KONTO   1240      "Bilar & andra transportm "
#KTYP    1240      T
#KONTO   1249      "Ack avskr bil o övr trspm"
#KTYP    1249      T
#KONTO   1250      "Datorer"
#KTYP    1250      T
#KONTO   1259      "Ack avskr datorer"
#KTYP    1259      T
#KONTO   1291      "Konst o likn tillg"
#KTYP    1291      T
#KONTO   1310      "Andelar i koncernftg."
#KTYP    1310      T
#KONTO   1320      "Lćngfr fordr konc.ftg"
#KTYP    1320      T
#KONTO   1350      "Andel o vp i andra ftg"
#KTYP    1350      T
#KONTO   1380      "Andra lćngfristiga fordr."
#KTYP    1380      T
#KONTO   1390      "Ack nedsk av vp o lćngfr "
#KTYP    1390      T
#KONTO   1400      "Lager"
#KTYP    1400      T
#KONTO   1410      "Lager av rćvaror"
#KTYP    1410      T
#KONTO   1440      "Produkter i arbete"
#KTYP    1440      T
#KONTO   1470      "Pćgćende arbeten"
#KTYP    1470      T
#KONTO   1471      "Pćgćende arb nedl kostn  "
#KTYP    1471      T
#KONTO   1478      "Pćgćende arb fakturering "
#KTYP    1478      T
#KONTO   1479      "Föränd lager pćg. arbete "
#KTYP    1479      T
#KONTO   1490      "Förändring lager, pćg arb"
#KTYP    1490      T
#KONTO   1500      "Kundfordringar"
#KTYP    1500      T
#KONTO   1510      "Kundfordringar"
#KTYP    1510      T
#KONTO   1511      "Kundfordringar"
#KTYP    1511      T
#KONTO   1513      "Preliminärt HUS-avrdag"
#KTYP    1513      T
#KONTO   1515      "Osäkra kundfordr"
#KTYP    1515      T
#KONTO   1516      "Tvistiga kundfordringar  "
#KTYP    1516      T
#KONTO   1518      "Ej reskontraförda kundfor"
#KTYP    1518      T
#KONTO   1580      "Fordr kontokort, kuponger"
#KTYP    1580      T
#KONTO   1590      "Nedsk av kundfordr"
#KTYP    1590      T
#KONTO   1610      "Fordringar hos anställda "
#KTYP    1610      T
#KONTO   1630      "Avräk. skatter o avgifter"
#KTYP    1630      T
#KONTO   1640      "Skattefordringar"
#KTYP    1640      T
#KONTO   1650      "Momsfordran"
#KTYP    1650      T
#KONTO   1670      "Kortfr fordr hos intrftg "
#KTYP    1670      T
#KONTO   1680      "Andra kortfr fordr"
#KTYP    1680      T
#KONTO   1684      "Fordr hos leverantörer"
#KTYP    1684      T
#KONTO   1690      "Nedsk av kortfr fordr"
#KTYP    1690      T
#KONTO   1700      "Förutb kostn o upplup int"
#KTYP    1700      T
#KONTO   1710      "Förutb hyresutg"
#KTYP    1710      T
#KONTO   1790      "Övr. immateriella tillg  "
#KTYP    1790      T
#KONTO   1800      "Kortsiktiga placeringar  "
#KTYP    1800      T
#KONTO   1820      "Obligationer"
#KTYP    1820      T
#KONTO   1890      "Nedsk av kortfr plac"
#KTYP    1890      T
#KONTO   1910      "Kassa"
#KTYP    1910      T
#KONTO   1920      "Bank"
#KTYP    1920      T
#KONTO   1930      "Checkräkningskonto"
#KTYP    1930      T
#KONTO   1940      "Bank (övr konton)"
#KTYP    1940      T
#KONTO   2010      "Eget kapital, delägare 1 "
#KTYP    2010      S
#KONTO   2020      "Eget kapital, delägare 2 "
#KTYP    2020      S
#KONTO   2030      "Eget kapital, delägare 3 "
#KTYP    2030      S
#KONTO   2040      "Eget kapital, delägare 4 "
#KTYP    2040      S
#KONTO   2081      "Aktiekapital"
#KTYP    2081      S
#KONTO   2086      "Reservfond"
#KTYP    2086      S
#KONTO   2091      "Balans. vinst el förlust "
#KTYP    2091      S
#KONTO   2098      "Vinst/förlust föreg ćr"
#KTYP    2098      S
#KONTO   2099      "Ćrets resultat"
#KTYP    2099      S
#KONTO   2110      "Periodiseringsfonder"
#KTYP    2110      S
#KONTO   2123      "Period.fond 2003 ćrs tax."
#KTYP    2123      S
#KONTO   2124      "Period.fond 2004 ćrs tax."
#KTYP    2124      S
#KONTO   2125      "Period.fond 2005 ćrs tax."
#KTYP    2125      S
#KONTO   2126      "Period.fond 2006 ćrs tax."
#KTYP    2126      S
#KONTO   2127      "Period.fond 2007 ćrs tax."
#KTYP    2127      S
#KONTO   2128      "Period.fond 2008 ćrs tax."
#KTYP    2128      S
#KONTO   2129      "Period.fond 2009 ćrs tax."
#KTYP    2129      S
#KONTO   2150      "Ackumul överavskrivningar"
#KTYP    2150      S
#KONTO   2199      "Övr obeskattade reserver "
#KTYP    2199      S
#KONTO   2220      "Avsättn för garantier"
#KTYP    2220      S
#KONTO   2290      "Övriga avsättningar"
#KTYP    2290      S
#KONTO   2330      "Checkräkningskredit"
#KTYP    2330      S
#KONTO   2350      "Annan skuld t kreditinst "
#KTYP    2350      S
#KONTO   2391      "Avbetalningskontrakt"
#KTYP    2391      S
#KONTO   2393      "Lćn frćn närstćende pers "
#KTYP    2393      S
#KONTO   2399      "Övr lćngfristiga skulder "
#KTYP    2399      S
#KONTO   2410      "utg moms 25%"
#KTYP    2410      S
#KONTO   2420      "Förskott frćn kunder"
#KTYP    2420      S
#KONTO   2421      "Ej inlösta presentkort"
#KTYP    2421      S
#KONTO   2422      "Tillgodo presentkort"
#KTYP    2422      S
#KONTO   2429      "Övr förskott fr kunder"
#KTYP    2429      S
#KONTO   2431      "Pćgćende arb fakturering "
#KTYP    2431      S
#KONTO   2438      "Pćgćende arb nedl kostn  "
#KTYP    2438      S
#KONTO   2439      "Förändring pćg. arbeten  "
#KTYP    2439      S
#KONTO   2440      "Leverantörsskulder"
#KTYP    2440      S
#KONTO   2441      "Leverantörsskulder"
#KTYP    2441      S
#KONTO   2448      "Ej reskontraförd lev.skul"
#KTYP    2448      S
#KONTO   2490      "Övr kortfr skuld kund/lev"
#KTYP    2490      S
#KONTO   2510      "Skatteskulder"
#KTYP    2510      S
#KONTO   2610      "Utgćende moms, oreducerad"
#KTYP    2610      S
#KONTO   2615      "Ber utg moms varor EU"
#KTYP    2615      S
#KONTO   2617      "Utg moms omvänd skatt 25%"
#KTYP    2617      S
#KONTO   2620      "Utgćende moms, reducer. 1"
#KTYP    2620      S
#KONTO   2630      "Utgćende moms reducer. 2 "
#KTYP    2630      S
#KONTO   2640      "Ingćende moms"
#KTYP    2640      S
#KONTO   2641      "Debiterad ingćende moms  "
#KTYP    2641      T
#KONTO   2642      "Deb ing moms friv. skatts"
#KTYP    2642      S
#KONTO   2645      "Ber ing moms förvärv utl "
#KTYP    2645      S
#KONTO   2647      "Ing moms omvänd skatt"
#KTYP    2647      S
#KONTO   2650      "Redovkonto för moms"
#KTYP    2650      S
#KONTO   2710      "Personalens källskatt"
#KTYP    2710      S
#KONTO   2730      "Lagstadg soc avg o särsk "
#KTYP    2730      S
#KONTO   2731      "Avräkn lagstadgad soc avg"
#KTYP    2731      S
#KONTO   2740      "Avtalade sociala avgifter"
#KTYP    2740      S
#KONTO   2790      "Övriga löneavdrag"
#KTYP    2790      T
#KONTO   2840      "Kortfristiga lćneskulder "
#KTYP    2840      S
#KONTO   2850      "Avsättning skatter & avg."
#KTYP    2850      S
#KONTO   2860      "Skulder till koncernföret"
#KTYP    2860      S
#KONTO   2870      "Skulder till intesseftg  "
#KTYP    2870      S
#KONTO   2890      "Övr kortfristiga skulder "
#KTYP    2890      S
#KONTO   2900      "Upplup kostn o förutb int"
#KTYP    2900      S
#KONTO   2943      "konto 2943"
#KTYP    2943      S
#KONTO   3010      "Försäljning konto 3011"
#KTYP    3010      I
#KONTO   3011      "försäljning konto 3011"
#KTYP    3011      I
#KONTO   3012      "Försäljning konto 3012"
#KTYP    3012      I
#KONTO   3013      ""
#KTYP    3013      I
#KONTO   3014      "Försäljning momsfri"
#KTYP    3014      I
#KONTO   3015      "Försäljning utanför EU"
#KTYP    3015      I
#KONTO   3016      "Försäljning ej EU"
#KTYP    3016      I
#KONTO   3017      "Försälj. trepartshandel  "
#KTYP    3017      I
#KONTO   3018      "förs med auto.kontering  "
#KTYP    3018      I
#KONTO   3019      "försälnjning periodiserad"
#KTYP    3019      I
#KONTO   3030      "Försäljning export"
#KTYP    3030      I
#KONTO   3057      "Försälj.trepartshandel"
#KTYP    3057      I
#KONTO   3081      "Kassarabatt"
#KTYP    3081      I
#KONTO   3500      "Fakturerade kostn"
#KTYP    3500      I
#KONTO   3520      "Fakturerade frakter"
#KTYP    3520      I
#KONTO   3523      "Fakturerad frakt EU"
#KTYP    3523      I
#KONTO   3525      "Fakt,frakt EU trepartshan"
#KTYP    3525      I
#KONTO   3527      "Fraktkostnad export"
#KTYP    3527      I
#KONTO   3540      "Faktureringsavgifter"
#KTYP    3540      I
#KONTO   3543      "Faktureringsavgifter EU  "
#KTYP    3543      I
#KONTO   3545      "Fakturaavgift EU treparts"
#KTYP    3545      I
#KONTO   3547      "Fakturaavgift export"
#KTYP    3547      I
#KONTO   3590      "Övr fakturerade kostnader"
#KTYP    3590      I
#KONTO   3593      "Övr fakt,kostnader EU"
#KTYP    3593      I
#KONTO   3595      "Övr fakt,kost EU trepart "
#KTYP    3595      I
#KONTO   3597      "Övr fakt,kost export"
#KTYP    3597      I
#KONTO   3600      "Rörelse sidointäkter"
#KTYP    3600      I
#KONTO   3620      "Frakt"
#KTYP    3620      I
#KONTO   3640      "Exp.avgift"
#KTYP    3640      I
#KONTO   3690      "Fatturerad försäkring"
#KTYP    3690      I
#KONTO   3700      "Intäktskorrigering"
#KTYP    3700      I
#KONTO   3731      "Lämnade kassarabatter"
#KTYP    3731      I
#KONTO   3732      "Lämnade mängdrabatter"
#KTYP    3732      I
#KONTO   3733      "Kassarabatter EU"
#KTYP    3733      I
#KONTO   3735      "Kassarab, EU trepartshand"
#KTYP    3735      I
#KONTO   3737      "Kassarabatter export"
#KTYP    3737      I
#KONTO   3800      "Aktiv. arb för egen räkn."
#KTYP    3800      K
#KONTO   3900      "Övr rörelseint (grpkonto)"
#KTYP    3900      I
#KONTO   3910      "Hyres- o arrendeintäkter "
#KTYP    3910      I
#KONTO   3950      "Ćterv tid avskr kundfordr"
#KTYP    3950      I
#KONTO   3970      "Vinst vid avyttr av immat"
#KTYP    3970      I
#KONTO   3980      "Erhćllna offentliga stöd "
#KTYP    3980      I
#KONTO   3990      "Övr ersättn & intäkter"
#KTYP    3990      I
#KONTO   4010      "Inköp material tillv prod"
#KTYP    4010      K
#KONTO   4011      "Maskinkostnad"
#KTYP    4011      K
#KONTO   4019      "Lagerföränd. mtrl tillv. "
#KTYP    4019      K
#KONTO   4056      "Inköp varor och mtrl EU  "
#KTYP    4056      K
#KONTO   4057      "Ink varor mtrl EU trepart"
#KTYP    4057      K
#KONTO   4060      "Inköp frćn koncernftg"
#KTYP    4060      K
#KONTO   4080      "Ink.prisreduktion mtrl"
#KTYP    4080      K
#KONTO   4100      "Inköp av handelsvaror"
#KTYP    4100      K
#KONTO   4425      "Ink. tjänst Sve omv 25%  "
#KTYP    4425      K
#KONTO   4535      "Inköp av tjänst EU 25%"
#KTYP    4535      K
#KONTO   4600      "Legoarb o underentrep."
#KTYP    4600      K
#KONTO   4700      "Reduktion av inköpspriser"
#KTYP    4700      K
#KONTO   4731      "Erhćllna kassarabatter"
#KTYP    4731      K
#KONTO   4736      "Erhćllna kassarabatter EU"
#KTYP    4736      K
#KONTO   4737      "Erh, kassarab, EU trepart"
#KTYP    4737      K
#KONTO   4900      "Förändring av lager"
#KTYP    4900      K
#KONTO   4940      "Förändr produkt i arbete "
#KTYP    4940      K
#KONTO   4970      "Föränd pćg arb, nedl kost"
#KTYP    4970      K
#KONTO   5000      "Lokalkostnader"
#KTYP    5000      K
#KONTO   5010      "Lokalhyra"
#KTYP    5010      K
#KONTO   5100      "Fastighetskost"
#KTYP    5100      K
#KONTO   5200      "Hyra anläggningstillgćng "
#KTYP    5200      K
#KONTO   5300      "Energikostnader"
#KTYP    5300      K
#KONTO   5400      "Förbrukninv o förbruknmtr"
#KTYP    5400      K
#KONTO   5500      "Reparation o underhćll"
#KTYP    5500      K
#KONTO   5600      "Kostnad transportmedel"
#KTYP    5600      K
#KONTO   5700      "Frakter och transporter  "
#KTYP    5700      K
#KONTO   5800      "Resekostnader"
#KTYP    5800      K
#KONTO   5900      "Reklam och PR"
#KTYP    5900      K
#KONTO   6010      "Hyror mm"
#KTYP    6010      K
#KONTO   6020      "Egna facktidskrifter"
#KTYP    6020      K
#KONTO   6030      "Speciella orderkostnader "
#KTYP    6030      K
#KONTO   6070      "Representation"
#KTYP    6070      K
#KONTO   6071      "Representation avdrgill  "
#KTYP    6071      K
#KONTO   6072      "Representation ej avdrgil"
#KTYP    6072      K
#KONTO   6090      "Övriga försäljningskostn "
#KTYP    6090      K
#KONTO   6100      "Kontorsmtrl o trycksaker "
#KTYP    6100      K
#KONTO   6200      "Tele och post"
#KTYP    6200      K
#KONTO   6300      "Ftg.försäk o övr riskkos "
#KTYP    6300      K
#KONTO   6310      "Företagsförsäkringar"
#KTYP    6310      K
#KONTO   6350      "Förluster pć kundfordring"
#KTYP    6350      K
#KONTO   6351      "Konstaterad förl kundford"
#KTYP    6351      K
#KONTO   6352      "Befarad förl kundfordr"
#KTYP    6352      K
#KONTO   6360      "Garantikostnader"
#KTYP    6360      K
#KONTO   6380      "Förl pć övr kortfr fordr "
#KTYP    6380      K
#KONTO   6390      "Övriga riskkostnader"
#KTYP    6390      K
#KONTO   6400      "Förvaltningskostnader"
#KTYP    6400      K
#KONTO   6410      "Styrelsearvoden"
#KTYP    6410      K
#KONTO   6420      "Revisionsarvoden"
#KTYP    6420      K
#KONTO   6490      "Övr förvaltningskost"
#KTYP    6490      K
#KONTO   6530      "Redovisningstjänster"
#KTYP    6530      K
#KONTO   6540      "IT-tjänster"
#KTYP    6540      K
#KONTO   6551      "konto för test"
#KTYP    6551      K
#KONTO   6560      "Serviceavg t branschorg  "
#KTYP    6560      K
#KONTO   6590      "Övriga externa tjänster  "
#KTYP    6590      K
#KONTO   6800      "Inhyrd personal"
#KTYP    6800      K
#KONTO   6970      "Tidn, tidskr o facklitt  "
#KTYP    6970      K
#KONTO   6980      "Föreningsavgifter"
#KTYP    6980      K
#KONTO   6981      "Föreningsavg avdragsgill "
#KTYP    6981      K
#KONTO   6982      "Föreningsavg ej avdrgill "
#KTYP    6982      K
#KONTO   6990      "Övriga externa kostnader "
#KTYP    6990      K
#KONTO   6991      "Övr externa kost avdrgill"
#KTYP    6991      K
#KONTO   6992      "Övr exte kost ej avdrgill"
#KTYP    6992      K
#KONTO   7000      "Lön kollektivanställda"
#KTYP    7000      K
#KONTO   7010      "Lön kollektivanställda"
#KTYP    7010      K
#KONTO   7090      "Förändring sem.löneskuld "
#KTYP    7090      K
#KONTO   7210      "Löner till tjänstemän"
#KTYP    7210      K
#KONTO   7213      "Lön tjänstemän < 26 ćr"
#KTYP    7213      K
#KONTO   7214      "Löner tjänstemän nya pens"
#KTYP    7214      K
#KONTO   7220      "Löner till företagsledare"
#KTYP    7220      K
#KONTO   7291      "Förändr sem.skuld tjm."
#KTYP    7291      K
#KONTO   7292      "Förändr sem.skuld ftg.led"
#KTYP    7292      K
#KONTO   7310      "Kontanta extraersättn."
#KTYP    7310      K
#KONTO   7320      "Traktamenten vid tjänster"
#KTYP    7320      K
#KONTO   7321      "Skattefria traktamente Sv"
#KTYP    7321      K
#KONTO   7322      "Skattepl. traktamente Sv "
#KTYP    7322      K
#KONTO   7330      "Bilersättningar"
#KTYP    7330      K
#KONTO   7331      "Skattefri bilersättning  "
#KTYP    7331      K
#KONTO   7332      "Skatteplikt bilersättning"
#KTYP    7332      K
#KONTO   7350      "Ersättn föreskr arbkläder"
#KTYP    7350      K
#KONTO   7380      "Kost. för förmćn t anst  "
#KTYP    7380      K
#KONTO   7390      "Övr kostn.ersättn o förm."
#KTYP    7390      K
#KONTO   7410      "Pensionförsäkringspremier"
#KTYP    7410      K
#KONTO   7419      "konto 7419"
#KTYP    7419      K
#KONTO   7440      "Förändr. av pens.stift"
#KTYP    7440      K
#KONTO   7510      "Lagstadg sociala avg"
#KTYP    7510      K
#KONTO   7530      "Särskild löneskatt"
#KTYP    7530      K
#KONTO   7533      "konto 7533"
#KTYP    7533      K
#KONTO   7570      "Premie arbmarknförsäkr.  "
#KTYP    7570      K
#KONTO   7580      "Gruppförsäkringspremier  "
#KTYP    7580      K
#KONTO   7590      "Övr soc o andra avg"
#KTYP    7590      K
#KONTO   7600      "Övr personalkostnader"
#KTYP    7600      K
#KONTO   7760      "Ćterf nedskr av imm anl.t"
#KTYP    7760      K
#KONTO   7761      "Ćterf nedskr av imm typ 2"
#KTYP    7761      K
#KONTO   7810      "Avskr pć immat anl.tillg "
#KTYP    7810      K
#KONTO   7820      "Avskr pć byggn o markanl "
#KTYP    7820      K
#KONTO   7830      "Avskr mask o inventarier "
#KTYP    7830      K
#KONTO   7910      "Intäkt av engćngskaraktär"
#KTYP    7910      K
#KONTO   7920      "Kostn av engćngskaraktär "
#KTYP    7920      K
#KONTO   7960      "Valkursförl fordr o skuld"
#KTYP    7960      K
#KONTO   7970      "Förl avyttr av anltillg  "
#KTYP    7970      K
#KONTO   7990      "Övr rörelsekostnader"
#KTYP    7990      K
#KONTO   8080      "valutavinst"
#KTYP    8080      I
#KONTO   8180      "valutaförlust"
#KTYP    8180      K
#KONTO   8200      "Ränteintäkt fr anl.tillg."
#KTYP    8200      K
#KONTO   8270      "Nedskr andel i andra ftg "
#KTYP    8270      K
#KONTO   8310      "Ränteintäkt fr oms.tillg."
#KTYP    8310      K
#KONTO   8313      "Ränteint fr kortfr fordr "
#KTYP    8313      K
#KONTO   8314      "Skattefria ränteint"
#KTYP    8314      K
#KONTO   8330      "Valkursdiff kortfr fordr "
#KTYP    8330      K
#KONTO   8340      "Utd kortfr placeringar"
#KTYP    8340      K
#KONTO   8350      "Res försälj kortfr plac  "
#KTYP    8350      K
#KONTO   8370      "Nedskr kortfr plac"
#KTYP    8370      K
#KONTO   8380      "Ćterf nedskr kortfr plac "
#KTYP    8380      K
#KONTO   8410      "Räntekost lćngfr skuld"
#KTYP    8410      K
#KONTO   8420      "Räntekost kortfr skuld"
#KTYP    8420      K
#KONTO   8430      "Valkursdiff pć skulder"
#KTYP    8430      K
#KONTO   8810      "Förändr periodiseringfond"
#KTYP    8810      K
#KONTO   8850      "Skilln bokf o plan avskr "
#KTYP    8850      K
#KONTO   8899      "Övr bokslutsdispositioner"
#KTYP    8899      K
#KONTO   8910      "Skatt pć ćr besk.bara res"
#KTYP    8910      K
#KONTO   8999      "Ćrets resultat"
#KTYP    8999      K
#IB      0  1010           1000.00
#UB      0  1010           1000.00
#IB      0  1090          -1000.00
#UB      0  1090          -1000.00
#IB      0  1210         190868.00
#UB      0  1210         190868.00
#IB      0  1320         -34500.00
#UB      0  1320         -35000.00
#PSALDO  0  201401 1320    {}          -500.00
#IB      0  1380           5000.00
#UB      0  1380           5000.00
#IB      0  1471            225.00
#UB      0  1471            225.00
#IB      0  1510      106179739.00
#UB      0  1510      108444497.25
#PSALDO  0  201401 1510    {}       2264758.25
#IB      0  1513          48751.00
#UB      0  1513          49251.00
#PSALDO  0  201401 1513    {}           500.00
#IB      0  1590         899109.16
#UB      0  1590         864111.29
#PSALDO  0  201401 1590    {}        -34997.87
#IB      0  1650         109420.00
#UB      0  1650         109420.00
#IB      0  1700          12442.56
#UB      0  1700          10221.28
#PSALDO  0  201401 1700    {}         -2221.28
#IB      0  1710           7850.01
#UB      0  1710          -1649.98
#PSALDO  0  201401 1710    {}         -9499.99
#IB      0  1820           9600.00
#UB      0  1820           9600.00
#IB      0  1910         117110.00                6.00
#UB      0  1910          -1587.00                6.00
#PSALDO  0  201401 1910    {}       -118697.00
#IB      0  1920           1053.00
#UB      0  1920           1053.00
#IB      0  1930       -5250055.64
#UB      0  1930       -5349316.89
#PSALDO  0  201401 1930    {}        -99261.25
#IB      0  1940         -34000.00
#UB      0  1940         -34000.00
#IB      0  2099      -81696735.23
#UB      0  2099      -81696735.23
#IB      0  2110           8995.00
#UB      0  2110           8995.00
#IB      0  2410           -225.00
#UB      0  2410         -11675.00
#PSALDO  0  201401 2410    {}        -11450.00
#UB      0  2420          77486.00
#PSALDO  0  201401 2420    {}         77486.00
#IB      0  2440        -461222.32
#UB      0  2440        -548115.32
#PSALDO  0  201401 2440    {}        -86893.00
#IB      0  2610      -21195089.07
#UB      0  2610      -21639695.57
#PSALDO  0  201401 2610    {}       -444606.50
#IB      0  2615         -56824.96
#UB      0  2615         -57199.96
#PSALDO  0  201401 2615    {}          -375.00
#IB      0  2620           -120.00
#UB      0  2620           -120.00
#IB      0  2630            -60.00
#UB      0  2630            -95.40
#PSALDO  0  201401 2630    {}           -35.40
#IB      0  2640        1118290.67
#UB      0  2640        1137249.27
#PSALDO  0  201401 2640    {}         18958.60
#IB      0  2641            551.36
#UB      0  2641            551.36
#IB      0  2645          22752.46
#UB      0  2645          22752.46
#IB      0  2943          -2925.00
#UB      0  2943          -2925.00
#RES     0  3010         -23935.95
#PSALDO  0  201401 3010    {}        -23935.95
#PBUDGET 0  201401 3010    {}        -20000.00
#RES     0  3011         118697.00
#PSALDO  0  201401 3011    {}        118697.00
#RES     0  3014         -12000.00
#PSALDO  0  201401 3014    {}        -12000.00
#RES     0  3015         -41000.00
#PSALDO  0  201401 3015    {}        -41000.00
#RES     0  3030       -1716270.00
#PSALDO  0  201401 3030    {}      -1716270.00
#RES     0  3620           -100.00
#PSALDO  0  201401 3620    {}          -100.00
#RES     0  3640           -910.00
#PSALDO  0  201401 3640    {}          -910.00
#RES     0  3690           -200.00
#PSALDO  0  201401 3690    {}          -200.00
#RES     0  4010          67034.40
#PSALDO  0  201401 4010    {}         67034.40
#RES     0  5010           3000.00
#PSALDO  0  201401 5010    {}          3000.00
#RES     0  6010          18021.27
#PSALDO  0  201401 6010    {}         18021.27
#RES     0  7910           1372.00
#PSALDO  0  201401 7910    {}          1372.00
