; original: Sie3.se | sietype: 3 | vendor: softone | source: unknown
#FLAGGA  0
#PROGRAM "SoftOne Business Redovisning"  2016.SV.02
#FORMAT  PC8
#GEN     20160224  KH
#SIETYP  3
#PROSA   " "
#FNR     910
#ORGNR    556654-7898
#ADRESS  "                              "  "Postgatan 77                  "  "777 77 Staden                        "  "077-77 77 00        "
#FNAMN   "Demof”retaget AB"
#RAR     0  20140101  20141231
#OMFATTN    20140131
#KONTO   1010      "Balanserade utgifter"
#KTYP    1010      T
#KONTO   1019      "Ack avskr p† balans utg  "
#KTYP    1019      T
#KONTO   1040      "Licenser"
#KTYP    1040      T
#KONTO   1060      "Hyres-, tomtr„tter"
#KTYP    1060      T
#KONTO   1069      "Ack avskr p† hyresr„tter "
#KTYP    1069      T
#KONTO   1070      "Goodwill"
#KTYP    1070      T
#KONTO   1079      "Ack avskr p† goodwill"
#KTYP    1079      T
#KONTO   1090      "™vr. immateriella anl„ggn"
#KTYP    1090      T
#KONTO   1099      "Ack avskr ”vr immat anlti"
#KTYP    1099      T
#KONTO   1110      "Byggnader"
#KTYP    1110      T
#KONTO   1119      "Ack avskr byggn"
#KTYP    1119      T
#KONTO   1130      "Mark"
#KTYP    1130      T
#KONTO   1150      "Markanl„ggningar"
#KTYP    1150      T
#KONTO   1159      "Ack avskr markanl„ggn"
#KTYP    1159      T
#KONTO   1210      "Mask o andra tekn anl"
#KTYP    1210      T
#KONTO   1219      "Ack avskr mask o tekn anl"
#KTYP    1219      T
#KONTO   1220      "Inventarier och verktyg  "
#KTYP    1220      T
#KONTO   1229      "Ack avskr inv o verktyg  "
#KTYP    1229      T
#KONTO   1240      "Bilar & andra transportm "
#KTYP    1240      T
#KONTO   1249      "Ack avskr bil o ”vr trspm"
#KTYP    1249      T
#KONTO   1250      "Datorer"
#KTYP    1250      T
#KONTO   1259      "Ack avskr datorer"
#KTYP    1259      T
#KONTO   1291      "Konst o likn tillg"
#KTYP    1291      T
#KONTO   1310      "Andelar i koncernftg."
#KTYP    1310      T
#KONTO   1320      "L†ngfr fordr konc.ftg"
#KTYP    1320      T
#KONTO   1350      "Andel o vp i andra ftg"
#KTYP    1350      T
#KONTO   1380      "Andra l†ngfristiga fordr."
#KTYP    1380      T
#KONTO   1390      "Ack nedsk av vp o l†ngfr "
#KTYP    1390      T
#KONTO   1400      "Lager"
#KTYP    1400      T
#KONTO   1410      "Lager av r†varor"
#KTYP    1410      T
#KONTO   1440      "Produkter i arbete"
#KTYP    1440      T
#KONTO   1470      "P†g†ende arbeten"
#KTYP    1470      T
#KONTO   1471      "P†g†ende arb nedl kostn  "
#KTYP    1471      T
#KONTO   1478      "P†g†ende arb fakturering "
#KTYP    1478      T
#KONTO   1479      "F”r„nd lager p†g. arbete "
#KTYP    1479      T
#KONTO   1490      "F”r„ndring lager, p†g arb"
#KTYP    1490      T
#KONTO   1500      "Kundfordringar"
#KTYP    1500      T
#KONTO   1510      "Kundfordringar"
#KTYP    1510      T
#KONTO   1511      "Kundfordringar"
#KTYP    1511      T
#KONTO   1513      "Prelimin„rt HUS-avrdag"
#KTYP    1513      T
#KONTO   1515      "Os„kra kundfordr"
#KTYP    1515      T
#KONTO   1516      "Tvistiga kundfordringar  "
#KTYP    1516      T
#KONTO   1518      "Ej reskontraf”rda kundfor"
#KTYP    1518      T
#KONTO   1580      "Fordr kontokort, kuponger"
#KTYP    1580      T
#KONTO   1590      "Nedsk av kundfordr"
#KTYP    1590      T
#KONTO   1610      "Fordringar hos anst„llda "
#KTYP    1610      T
#KONTO   1630      "Avr„k. skatter o avgifter"
#KTYP    1630      T
#KONTO   1640      "Skattefordringar"
#KTYP    1640      T
#KONTO   1650      "Momsfordran"
#KTYP    1650      T
#KONTO   1670      "Kortfr fordr hos intrftg "
#KTYP    1670      T
#KONTO   1680      "Andra kortfr fordr"
#KTYP    1680      T
#KONTO   1684      "Fordr hos leverant”rer"
#KTYP    1684      T
#KONTO   1690      "Nedsk av kortfr fordr"
#KTYP    1690      T
#KONTO   1700      "F”rutb kostn o upplup int"
#KTYP    1700      T
#KONTO   1710      "F”rutb hyresutg"
#KTYP    1710      T
#KONTO   1790      "™vr. immateriella tillg  "
#KTYP    1790      T
#KONTO   1800      "Kortsiktiga placeringar  "
#KTYP    1800      T
#KONTO   1820      "Obligationer"
#KTYP    1820      T
#KONTO   1890      "Nedsk av kortfr plac"
#KTYP    1890      T
#KONTO   1910      "Kassa"
#KTYP    1910      T
#KONTO   1920      "Bank"
#KTYP    1920      T
#KONTO   1930      "Checkr„kningskonto"
#KTYP    1930      T
#KONTO   1940      "Bank (”vr konton)"
#KTYP    1940      T
#KONTO   2010      "Eget kapital, del„gare 1 "
#KTYP    2010      S
#KONTO   2020      "Eget kapital, del„gare 2 "
#KTYP    2020      S
#KONTO   2030      "Eget kapital, del„gare 3 "
#KTYP    2030      S
#KONTO   2040      "Eget kapital, del„gare 4 "
#KTYP    2040      S
#KONTO   2081      "Aktiekapital"
#KTYP    2081      S
#KONTO   2086      "Reservfond"
#KTYP    2086      S
#KONTO   2091      "Balans. vinst el f”rlust "
#KTYP    2091      S
#KONTO   2098      "Vinst/f”rlust f”reg †r"
#KTYP    2098      S
#KONTO   2099      "Źrets resultat"
#KTYP    2099      S
#KONTO   2110      "Periodiseringsfonder"
#KTYP    2110      S
#KONTO   2123      "Period.fond 2003 †rs tax."
#KTYP    2123      S
#KONTO   2124      "Period.fond 2004 †rs tax."
#KTYP    2124      S
#KONTO   2125      "Period.fond 2005 †rs tax."
#KTYP    2125      S
#KONTO   2126      "Period.fond 2006 †rs tax."
#KTYP    2126      S
#KONTO   2127      "Period.fond 2007 †rs tax."
#KTYP    2127      S
#KONTO   2128      "Period.fond 2008 †rs tax."
#KTYP    2128      S
#KONTO   2129      "Period.fond 2009 †rs tax."
#KTYP    2129      S
#KONTO   2150      "Ackumul ”veravskrivningar"
#KTYP    2150      S
#KONTO   2199      "™vr obeskattade reserver "
#KTYP    2199      S
#KONTO   2220      "Avs„ttn f”r garantier"
#KTYP    2220      S
#KONTO   2290      "™vriga avs„ttningar"
#KTYP    2290      S
#KONTO   2330      "Checkr„kningskredit"
#KTYP    2330      S
#KONTO   2350      "Annan skuld t kreditinst "
#KTYP    2350      S
#KONTO   2391      "Avbetalningskontrakt"
#KTYP    2391      S
#KONTO   2393      "L†n fr†n n„rst†ende pers "
#KTYP    2393      S
#KONTO   2399      "™vr l†ngfristiga skulder "
#KTYP    2399      S
#KONTO   2410      "utg moms 25%"
#KTYP    2410      S
#KONTO   2420      "F”rskott fr†n kunder"
#KTYP    2420      S
#KONTO   2421      "Ej inl”sta presentkort"
#KTYP    2421      S
#KONTO   2422      "Tillgodo presentkort"
#KTYP    2422      S
#KONTO   2429      "™vr f”rskott fr kunder"
#KTYP    2429      S
#KONTO   2431      "P†g†ende arb fakturering "
#KTYP    2431      S
#KONTO   2438      "P†g†ende arb nedl kostn  "
#KTYP    2438      S
#KONTO   2439      "F”r„ndring p†g. arbeten  "
#KTYP    2439      S
#KONTO   2440      "Leverant”rsskulder"
#KTYP    2440      S
#KONTO   2441      "Leverant”rsskulder"
#KTYP    2441      S
#KONTO   2448      "Ej reskontraf”rd lev.skul"
#KTYP    2448      S
#KONTO   2490      "™vr kortfr skuld kund/lev"
#KTYP    2490      S
#KONTO   2510      "Skatteskulder"
#KTYP    2510      S
#KONTO   2610      "Utg†ende moms, oreducerad"
#KTYP    2610      S
#KONTO   2615      "Ber utg moms varor EU"
#KTYP    2615      S
#KONTO   2617      "Utg moms omv„nd skatt 25%"
#KTYP    2617      S
#KONTO   2620      "Utg†ende moms, reducer. 1"
#KTYP    2620      S
#KONTO   2630      "Utg†ende moms reducer. 2 "
#KTYP    2630      S
#KONTO   2640      "Ing†ende moms"
#KTYP    2640      S
#KONTO   2641      "Debiterad ing†ende moms  "
#KTYP    2641      T
#KONTO   2642      "Deb ing moms friv. skatts"
#KTYP    2642      S
#KONTO   2645      "Ber ing moms f”rv„rv utl "
#KTYP    2645      S
#KONTO   2647      "Ing moms omv„nd skatt"
#KTYP    2647      S
#KONTO   2650      "Redovkonto f”r moms"
#KTYP    2650      S
#KONTO   2710      "Personalens k„llskatt"
#KTYP    2710      S
#KONTO   2730      "Lagstadg soc avg o s„rsk "
#KTYP    2730      S
#KONTO   2731      "Avr„kn lagstadgad soc avg"
#KTYP    2731      S
#KONTO   2740      "Avtalade sociala avgifter"
#KTYP    2740      S
#KONTO   2790      "™vriga l”neavdrag"
#KTYP    2790      T
#KONTO   2840      "Kortfristiga l†neskulder "
#KTYP    2840      S
#KONTO   2850      "Avs„ttning skatter & avg."
#KTYP    2850      S
#KONTO   2860      "Skulder till koncernf”ret"
#KTYP    2860      S
#KONTO   2870      "Skulder till intesseftg  "
#KTYP    2870      S
#KONTO   2890      "™vr kortfristiga skulder "
#KTYP    2890      S
#KONTO   2900      "Upplup kostn o f”rutb int"
#KTYP    2900      S
#KONTO   2943      "konto 2943"
#KTYP    2943      S
#KONTO   3010      "F”rs„ljning konto 3011"
#KTYP    3010      I
#KONTO   3011      "f”rs„ljning konto 3011"
#KTYP    3011      I
#KONTO   3012      "F”rs„ljning konto 3012"
#KTYP    3012      I
#KONTO   3013      ""
#KTYP    3013      I
#KONTO   3014      "F”rs„ljning momsfri"
#KTYP    3014      I
#KONTO   3015      "F”rs„ljning utanf”r EU"
#KTYP    3015      I
#KONTO   3016      "F”rs„ljning ej EU"
#KTYP    3016      I
#KONTO   3017      "F”rs„lj. trepartshandel  "
#KTYP    3017      I
#KONTO   3018      "f”rs med auto.kontering  "
#KTYP    3018      I
#KONTO   3019      "f”rs„lnjning periodiserad"
#KTYP    3019      I
#KONTO   3030      "F”rs„ljning export"
#KTYP    3030      I
#KONTO   3057      "F”rs„lj.trepartshandel"
#KTYP    3057      I
#KONTO   3081      "Kassarabatt"
#KTYP    3081      I
#KONTO   3500      "Fakturerade kostn"
#KTYP    3500      I
#KONTO   3520      "Fakturerade frakter"
#KTYP    3520      I
#KONTO   3523      "Fakturerad frakt EU"
#KTYP    3523      I
#KONTO   3525      "Fakt,frakt EU trepartshan"
#KTYP    3525      I
#KONTO   3527      "Fraktkostnad export"
#KTYP    3527      I
#KONTO   3540      "Faktureringsavgifter"
#KTYP    3540      I
#KONTO   3543      "Faktureringsavgifter EU  "
#KTYP    3543      I
#KONTO   3545      "Fakturaavgift EU treparts"
#KTYP    3545      I
#KONTO   3547      "Fakturaavgift export"
#KTYP    3547      I
#KONTO   3590      "™vr fakturerade kostnader"
#KTYP    3590      I
#KONTO   3593      "™vr fakt,kostnader EU"
#KTYP    3593      I
#KONTO   3595      "™vr fakt,kost EU trepart "
#KTYP    3595      I
#KONTO   3597      "™vr fakt,kost export"
#KTYP    3597      I
#KONTO   3600      "R”relse sidoint„kter"
#KTYP    3600      I
#KONTO   3620      "Frakt"
#KTYP    3620      I
#KONTO   3640      "Exp.avgift"
#KTYP    3640      I
#KONTO   3690      "Fatturerad f”rs„kring"
#KTYP    3690      I
#KONTO   3700      "Int„ktskorrigering"
#KTYP    3700      I
#KONTO   3731      "L„mnade kassarabatter"
#KTYP    3731      I
#KONTO   3732      "L„mnade m„ngdrabatter"
#KTYP    3732      I
#KONTO   3733      "Kassarabatter EU"
#KTYP    3733      I
#KONTO   3735      "Kassarab, EU trepartshand"
#KTYP    3735      I
#KONTO   3737      "Kassarabatter export"
#KTYP    3737      I
#KONTO   3800      "Aktiv. arb f”r egen r„kn."
#KTYP    3800      K
#KONTO   3900      "™vr r”relseint (grpkonto)"
#KTYP    3900      I
#KONTO   3910      "Hyres- o arrendeint„kter "
#KTYP    3910      I
#KONTO   3950      "Źterv tid avskr kundfordr"
#KTYP    3950      I
#KONTO   3970      "Vinst vid avyttr av immat"
#KTYP    3970      I
#KONTO   3980      "Erh†llna offentliga st”d "
#KTYP    3980      I
#KONTO   3990      "™vr ers„ttn & int„kter"
#KTYP    3990      I
#KONTO   4010      "Ink”p material tillv prod"
#KTYP    4010      K
#KONTO   4011      "Maskinkostnad"
#KTYP    4011      K
#KONTO   4019      "Lagerf”r„nd. mtrl tillv. "
#KTYP    4019      K
#KONTO   4056      "Ink”p varor och mtrl EU  "
#KTYP    4056      K
#KONTO   4057      "Ink varor mtrl EU trepart"
#KTYP    4057      K
#KONTO   4060      "Ink”p fr†n koncernftg"
#KTYP    4060      K
#KONTO   4080      "Ink.prisreduktion mtrl"
#KTYP    4080      K
#KONTO   4100      "Ink”p av handelsvaror"
#KTYP    4100      K
#KONTO   4425      "Ink. tj„nst Sve omv 25%  "
#KTYP    4425      K
#KONTO   4535      "Ink”p av tj„nst EU 25%"
#KTYP    4535      K
#KONTO   4600      "Legoarb o underentrep."
#KTYP    4600      K
#KONTO   4700      "Reduktion av ink”pspriser"
#KTYP    4700      K
#KONTO   4731      "Erh†llna kassarabatter"
#KTYP    4731      K
#KONTO   4736      "Erh†llna kassarabatter EU"
#KTYP    4736      K
#KONTO   4737      "Erh, kassarab, EU trepart"
#KTYP    4737      K
#KONTO   4900      "F”r„ndring av lager"
#KTYP    4900      K
#KONTO   4940      "F”r„ndr produkt i arbete "
#KTYP    4940      K
#KONTO   4970      "F”r„nd p†g arb, nedl kost"
#KTYP    4970      K
#KONTO   5000      "Lokalkostnader"
#KTYP    5000      K
#KONTO   5010      "Lokalhyra"
#KTYP    5010      K
#KONTO   5100      "Fastighetskost"
#KTYP    5100      K
#KONTO   5200      "Hyra anl„ggningstillg†ng "
#KTYP    5200      K
#KONTO   5300      "Energikostnader"
#KTYP    5300      K
#KONTO   5400      "F”rbrukninv o f”rbruknmtr"
#KTYP    5400      K
#KONTO   5500      "Reparation o underh†ll"
#KTYP    5500      K
#KONTO   5600      "Kostnad transportmedel"
#KTYP    5600      K
#KONTO   5700      "Frakter och transporter  "
#KTYP    5700      K
#KONTO   5800      "Resekostnader"
#KTYP    5800      K
#KONTO   5900      "Reklam och PR"
#KTYP    5900      K
#KONTO   6010      "Hyror mm"
#KTYP    6010      K
#KONTO   6020      "Egna facktidskrifter"
#KTYP    6020      K
#KONTO   6030      "Speciella orderkostnader "
#KTYP    6030      K
#KONTO   6070      "Representation"
#KTYP    6070      K
#KONTO   6071      "Representation avdrgill  "
#KTYP    6071      K
#KONTO   6072      "Representation ej avdrgil"
#KTYP    6072      K
#KONTO   6090      "™vriga f”rs„ljningskostn "
#KTYP    6090      K
#KONTO   6100      "Kontorsmtrl o trycksaker "
#KTYP    6100      K
#KONTO   6200      "Tele och post"
#KTYP    6200      K
#KONTO   6300      "Ftg.f”rs„k o ”vr riskkos "
#KTYP    6300      K
#KONTO   6310      "F”retagsf”rs„kringar"
#KTYP    6310      K
#KONTO   6350      "F”rluster p† kundfordring"
#KTYP    6350      K
#KONTO   6351      "Konstaterad f”rl kundford"
#KTYP    6351      K
#KONTO   6352      "Befarad f”rl kundfordr"
#KTYP    6352      K
#KONTO   6360      "Garantikostnader"
#KTYP    6360      K
#KONTO   6380      "F”rl p† ”vr kortfr fordr "
#KTYP    6380      K
#KONTO   6390      "™vriga riskkostnader"
#KTYP    6390      K
#KONTO   6400      "F”rvaltningskostnader"
#KTYP    6400      K
#KONTO   6410      "Styrelsearvoden"
#KTYP    6410      K
#KONTO   6420      "Revisionsarvoden"
#KTYP    6420      K
#KONTO   6490      "™vr f”rvaltningskost"
#KTYP    6490      K
#KONTO   6530      "Redovisningstj„nster"
#KTYP    6530      K
#KONTO   6540      "IT-tj„nster"
#KTYP    6540      K
#KONTO   6551      "konto f”r test"
#KTYP    6551      K
#KONTO   6560      "Serviceavg t branschorg  "
#KTYP    6560      K
#KONTO   6590      "™vriga externa tj„nster  "
#KTYP    6590      K
#KONTO   6800      "Inhyrd personal"
#KTYP    6800      K
#KONTO   6970      "Tidn, tidskr o facklitt  "
#KTYP    6970      K
#KONTO   6980      "F”reningsavgifter"
#KTYP    6980      K
#KONTO   6981      "F”reningsavg avdragsgill "
#KTYP    6981      K
#KONTO   6982      "F”reningsavg ej avdrgill "
#KTYP    6982      K
#KONTO   6990      "™vriga externa kostnader "
#KTYP    6990      K
#KONTO   6991      "™vr externa kost avdrgill"
#KTYP    6991      K
#KONTO   6992      "™vr exte kost ej avdrgill"
#KTYP    6992      K
#KONTO   7000      "L”n kollektivanst„llda"
#KTYP    7000      K
#KONTO   7010      "L”n kollektivanst„llda"
#KTYP    7010      K
#KONTO   7090      "F”r„ndring sem.l”neskuld "
#KTYP    7090      K
#KONTO   7210      "L”ner till tj„nstem„n"
#KTYP    7210      K
#KONTO   7213      "L”n tj„nstem„n < 26 †r"
#KTYP    7213      K
#KONTO   7214      "L”ner tj„nstem„n nya pens"
#KTYP    7214      K
#KONTO   7220      "L”ner till f”retagsledare"
#KTYP    7220      K
#KONTO   7291      "F”r„ndr sem.skuld tjm."
#KTYP    7291      K
#KONTO   7292      "F”r„ndr sem.skuld ftg.led"
#KTYP    7292      K
#KONTO   7310      "Kontanta extraers„ttn."
#KTYP    7310      K
#KONTO   7320      "Traktamenten vid tj„nster"
#KTYP    7320      K
#KONTO   7321      "Skattefria traktamente Sv"
#KTYP    7321      K
#KONTO   7322      "Skattepl. traktamente Sv "
#KTYP    7322      K
#KONTO   7330      "Bilers„ttningar"
#KTYP    7330      K
#KONTO   7331      "Skattefri bilers„ttning  "
#KTYP    7331      K
#KONTO   7332      "Skatteplikt bilers„ttning"
#KTYP    7332      K
#KONTO   7350      "Ers„ttn f”reskr arbkl„der"
#KTYP    7350      K
#KONTO   7380      "Kost. f”r f”rm†n t anst  "
#KTYP    7380      K
#KONTO   7390      "™vr kostn.ers„ttn o f”rm."
#KTYP    7390      K
#KONTO   7410      "Pensionf”rs„kringspremier"
#KTYP    7410      K
#KONTO   7419      "konto 7419"
#KTYP    7419      K
#KONTO   7440      "F”r„ndr. av pens.stift"
#KTYP    7440      K
#KONTO   7510      "Lagstadg sociala avg"
#KTYP    7510      K
#KONTO   7530      "S„rskild l”neskatt"
#KTYP    7530      K
#KONTO   7533      "konto 7533"
#KTYP    7533      K
#KONTO   7570      "Premie arbmarknf”rs„kr.  "
#KTYP    7570      K
#KONTO   7580      "Gruppf”rs„kringspremier  "
#KTYP    7580      K
#KONTO   7590      "™vr soc o andra avg"
#KTYP    7590      K
#KONTO   7600      "™vr personalkostnader"
#KTYP    7600      K
#KONTO   7760      "Źterf nedskr av imm anl.t"
#KTYP    7760      K
#KONTO   7761      "Źterf nedskr av imm typ 2"
#KTYP    7761      K
#KONTO   7810      "Avskr p† immat anl.tillg "
#KTYP    7810      K
#KONTO   7820      "Avskr p† byggn o markanl "
#KTYP    7820      K
#KONTO   7830      "Avskr mask o inventarier "
#KTYP    7830      K
#KONTO   7910      "Int„kt av eng†ngskarakt„r"
#KTYP    7910      K
#KONTO   7920      "Kostn av eng†ngskarakt„r "
#KTYP    7920      K
#KONTO   7960      "Valkursf”rl fordr o skuld"
#KTYP    7960      K
#KONTO   7970      "F”rl avyttr av anltillg  "
#KTYP    7970      K
#KONTO   7990      "™vr r”relsekostnader"
#KTYP    7990      K
#KONTO   8080      "valutavinst"
#KTYP    8080      I
#KONTO   8180      "valutaf”rlust"
#KTYP    8180      K
#KONTO   8200      "R„nteint„kt fr anl.tillg."
#KTYP    8200      K
#KONTO   8270      "Nedskr andel i andra ftg "
#KTYP    8270      K
#KONTO   8310      "R„nteint„kt fr oms.tillg."
#KTYP    8310      K
#KONTO   8313      "R„nteint fr kortfr fordr "
#KTYP    8313      K
#KONTO   8314      "Skattefria r„nteint"
#KTYP    8314      K
#KONTO   8330      "Valkursdiff kortfr fordr "
#KTYP    8330      K
#KONTO   8340      "Utd kortfr placeringar"
#KTYP    8340      K
#KONTO   8350      "Res f”rs„lj kortfr plac  "
#KTYP    8350      K
#KONTO   8370      "Nedskr kortfr plac"
#KTYP    8370      K
#KONTO   8380      "Źterf nedskr kortfr plac "
#KTYP    8380      K
#KONTO   8410      "R„ntekost l†ngfr skuld"
#KTYP    8410      K
#KONTO   8420      "R„ntekost kortfr skuld"
#KTYP    8420      K
#KONTO   8430      "Valkursdiff p† skulder"
#KTYP    8430      K
#KONTO   8810      "F”r„ndr periodiseringfond"
#KTYP    8810      K
#KONTO   8850      "Skilln bokf o plan avskr "
#KTYP    8850      K
#KONTO   8899      "™vr bokslutsdispositioner"
#KTYP    8899      K
#KONTO   8910      "Skatt p† †r besk.bara res"
#KTYP    8910      K
#KONTO   8999      "Źrets resultat"
#KTYP    8999      K
#DIM     1    "Kostnadsst„lle"
#DIM     6    "Projekt"
#OBJEKT  1    "00"  "kostnadsst„lle 00"
#OBJEKT  1    "1"  "kostnadsst„lle nr 1"
#OUB     0  1700   {1 "1"}          640.00
#OUB     0  2420   {1 "1"}         1111.00
#PSALDO  0  201401 2420    {1 "1"}         1111.00
#OUB     0  2610   {1 "1"}        -1000.00
#OUB     0  3010   {1 "1"}         2000.00
#PSALDO  0  201401 3010    {1 "1"}         2000.00
#OUB     0  3011   {1 "1"}         1111.00
#PSALDO  0  201401 3011    {1 "1"}         1111.00
#OUB     0  3014   {1 "1"}        -2000.00
#PSALDO  0  201401 3014    {1 "1"}        -2000.00
#OUB     0  3030   {1 "1"}     -1716270.00
#PSALDO  0  201401 3030    {1 "1"}     -1716270.00
#OUB     0  4010   {1 "1"}         3914.40
#PSALDO  0  201401 4010    {1 "1"}         3914.40
#OUB     0  6010   {1 "1"}         4800.00
#PSALDO  0  201401 6010    {1 "1"}         4800.00
#OUB     0  6540   {1 "1"}           53.33
#OBJEKT  1    "10"  "10 UPPLAGD VID IMPORT"
#OUB     0  2610   {1 "10"}        -2000.00
#OUB     0  3010   {1 "10"}       -10609.95
#PSALDO  0  201401 3010    {1 "10"}       -10609.95
#OUB     0  3014   {1 "10"}       -10000.00
#PSALDO  0  201401 3014    {1 "10"}       -10000.00
#OBJEKT  1    "11"  "kst 11"
#OUB     0  2420   {1 "11"}        12122.00
#PSALDO  0  201401 2420    {1 "11"}        12122.00
#OUB     0  3010   {1 "11"}        22000.00
#PSALDO  0  201401 3010    {1 "11"}        22000.00
#OUB     0  3011   {1 "11"}       112233.00
#PSALDO  0  201401 3011    {1 "11"}       112233.00
#OBJEKT  1    "112233"  "012345678901234567890123"
#OBJEKT  1    "123456"  "012345678901234567890123"
#OBJEKT  1    "2"  "Kst 2"
#OUB     0  2420   {1 "2"}         2222.00
#PSALDO  0  201401 2420    {1 "2"}         2222.00
#OUB     0  3010   {1 "2"}         4000.00
#PSALDO  0  201401 3010    {1 "2"}         4000.00
#OUB     0  3011   {1 "2"}         2222.00
#PSALDO  0  201401 3011    {1 "2"}         2222.00
#OUB     0  6010   {1 "2"}          840.00
#OBJEKT  1    "30"  "projekt / objekt 30"
#OBJEKT  1    "31"  "kst 31"
#OUB     0  2420   {1 "31"}        62031.00
#PSALDO  0  201401 2420    {1 "31"}        62031.00
#OUB     0  3010   {1 "31"}        62000.00
#PSALDO  0  201401 3010    {1 "31"}        62000.00
#OUB     0  3011   {1 "31"}         3131.00
#PSALDO  0  201401 3011    {1 "31"}         3131.00
#OBJEKT  1    "333333"  "012345678901234567890123"
#OBJEKT  1    "4"  "k-st„lle 4"
#OBJEKT  1    "6"  "6 UPPLAGD VID IMPORT"
#OBJEKT  1    "654321"  "6-st„lligt kst"
#OUB     0  3010   {1 "654321"}        -4800.00
#PSALDO  0  201401 3010    {1 "654321"}        -4800.00
#OUB     0  3015   {1 "654321"}       -41000.00
#PSALDO  0  201401 3015    {1 "654321"}       -41000.00
#OBJEKT  1    "7"  "k-st„lle 7"
#OUB     0  3010   {1 "7"}         7000.00
#OBJEKT  1    "8"  "8 UPPLAGD VID IMPORT"
#OBJEKT  1    "FEL"  "FEL"
#OBJEKT  1    "R10"  "k-st„lle R10"
#OBJEKT  6    "+00000"  "test Johns Bygg & Fasad"
#OBJEKT  6    "000072"  "projekt 72"
#OBJEKT  6    "1"  "Projekt 1"
#OUB     0  1700   {6 "1"}        -3200.00
#PSALDO  0  201401 1700    {6 "1"}        -3200.00
#OUB     0  3010   {6 "1"}       -10000.00
#OUB     0  3030   {6 "1"}         -900.00
#OUB     0  4010   {6 "1"}         3914.40
#PSALDO  0  201401 4010    {6 "1"}         3914.40
#OUB     0  6010   {6 "1"}         3200.00
#PSALDO  0  201401 6010    {6 "1"}         3200.00
#OUB     0  6540   {6 "1"}           53.33
#OUB     0  FEL    {6 "1"}         3914.40
#PSALDO  0  201401 FEL     {6 "1"}         3914.40
#OBJEKT  6    "10"  "Projekt 10"
#OUB     0  2610   {6 "10"}        -1000.00
#OUB     0  3014   {6 "10"}        -2000.00
#PSALDO  0  201401 3014    {6 "10"}        -2000.00
#OUB     0  3030   {6 "10"}     -1716270.00
#PSALDO  0  201401 3030    {6 "10"}     -1716270.00
#OBJEKT  6    "11"  "11 UPPLAGD VID IMPORT"
#OBJEKT  6    "12"  "12 UPPLAGD VID IMPORT"
#OBJEKT  6    "123"  "projekt 123"
#OUB     0  3010   {6 "123"}        -5000.00
#OUB     0  6010   {6 "123"}         4800.00
#OBJEKT  6    "123456"  "123456789012345678901234"
#OUB     0  3010   {6 "123456"}         -900.00
#PSALDO  0  201401 3010    {6 "123456"}         -900.00
#OBJEKT  6    "13"  "13 UPPLAGD VID IMPORT"
#OBJEKT  6    "16"  "16 UPPLAGD VID IMPORT"
#OBJEKT  6    "2"  "2 UPPLAGD VID IMPORT"
#OUB     0  3010   {6 "2"}        -5400.00
#OBJEKT  6    "20"  "20 UPPLAGD VID IMPORT"
#OUB     0  3010   {6 "20"}       -10609.95
#PSALDO  0  201401 3010    {6 "20"}       -10609.95
#OUB     0  3014   {6 "20"}        -1000.00
#OBJEKT  6    "3"  "Projekt 3"
#OBJEKT  6    "30"  "Order / objekt 30"
#OBJEKT  6    "4"  "Projekt 4"
#OBJEKT  6    "5"  "5 UPPLAGD VID IMPORT"
#OBJEKT  6    "555"  "test 555"
#OUB     0  1930   {6 "555"}         1250.00
#OUB     0  2610   {6 "555"}        -2000.00
#OUB     0  FEL    {6 "555"}          625.00
#OBJEKT  6    "6"  "6 UPPLAGD VID IMPORT"
#OBJEKT  6    "665829"  "projekt 665829"
#OUB     0  3010   {6 "665829"}        -3900.00
#PSALDO  0  201401 3010    {6 "665829"}        -3900.00
#OUB     0  3015   {6 "665829"}       -41000.00
#PSALDO  0  201401 3015    {6 "665829"}       -41000.00
#OBJEKT  6    "7"  "projekt 7"
#OUB     0  3010   {6 "7"}         3000.00
#OBJEKT  6    "8"  "8 UPPLAGD VID IMPORT"
#OBJEKT  6    "90"  "90 UPPLAGD VID IMPORT"
#OBJEKT  6    "FEL"  "FEL"
#OBJEKT  6    "R9"  "Projekt R9"
#IB      0  1010           1000.00
#UB      0  1010           1000.00
#IB      0  1090          -1000.00
#UB      0  1090          -1000.00
#IB      0  1210         190868.00
#UB      0  1210         190868.00
#IB      0  1320         -34500.00
#UB      0  1320         -35000.00
#PSALDO  0  201401 1320    {}          -500.00
#IB      0  1380           5000.00
#UB      0  1380           5000.00
#IB      0  1471            225.00
#UB      0  1471            225.00
#IB      0  1510      106179739.00
#UB      0  1510      108444497.25
#PSALDO  0  201401 1510    {}       2264758.25
#IB      0  1513          48751.00
#UB      0  1513          49251.00
#PSALDO  0  201401 1513    {}           500.00
#IB      0  1590         899109.16
#UB      0  1590         864111.29
#PSALDO  0  201401 1590    {}        -34997.87
#IB      0  1650         109420.00
#UB      0  1650         109420.00
#IB      0  1700          12442.56
#UB      0  1700          10221.28
#PSALDO  0  201401 1700    {}         -2221.28
#IB      0  1710           7850.01
#UB      0  1710          -1649.98
#PSALDO  0  201401 1710    {}         -9499.99
#IB      0  1820           9600.00
#UB      0  1820           9600.00
#IB      0  1910         117110.00                6.00
#UB      0  1910          -1587.00                6.00
#PSALDO  0  201401 1910    {}       -118697.00
#IB      0  1920           1053.00
#UB      0  1920           1053.00
#IB      0  1930       -5250055.64
#UB      0  1930       -5349316.89
#PSALDO  0  201401 1930    {}        -99261.25
#IB      0  1940         -34000.00
#UB      0  1940         -34000.00
#IB      0  2099      -81696735.23
#UB      0  2099      -81696735.23
#IB      0  2110           8995.00
#UB      0  2110           8995.00
#IB      0  2410           -225.00
#UB      0  2410         -11675.00
#PSALDO  0  201401 2410    {}        -11450.00
#UB      0  2420          77486.00
#PSALDO  0  201401 2420    {}         77486.00
#IB      0  2440        -461222.32
#UB      0  2440        -548115.32
#PSALDO  0  201401 2440    {}        -86893.00
#IB      0  2610      -21195089.07
#UB      0  2610      -21639695.57
#PSALDO  0  201401 2610    {}       -444606.50
#IB      0  2615         -56824.96
#UB      0  2615         -57199.96
#PSALDO  0  201401 2615    {}          -375.00
#IB      0  2620           -120.00
#UB      0  2620           -120.00
#IB      0  2630            -60.00
#UB      0  2630            -95.40
#PSALDO  0  201401 2630    {}           -35.40
#IB      0  2640        1118290.67
#UB      0  2640        1137249.27
#PSALDO  0  201401 2640    {}         18958.60
#IB      0  2641            551.36
#UB      0  2641            551.36
#IB      0  2645          22752.46
#UB      0  2645          22752.46
#IB      0  2943          -2925.00
#UB      0  2943          -2925.00
#RES     0  3010         -23935.95
#PSALDO  0  201401 3010    {}        -23935.95
#PBUDGET 0  201401 3010    {}        -20000.00
#RES     0  3011         118697.00
#PSALDO  0  201401 3011    {}        118697.00
#RES     0  3014         -12000.00
#PSALDO  0  201401 3014    {}        -12000.00
#RES     0  3015         -41000.00
#PSALDO  0  201401 3015    {}        -41000.00
#RES     0  3030       -1716270.00
#PSALDO  0  201401 3030    {}      -1716270.00
#RES     0  3620           -100.00
#PSALDO  0  201401 3620    {}          -100.00
#RES     0  3640           -910.00
#PSALDO  0  201401 3640    {}          -910.00
#RES     0  3690           -200.00
#PSALDO  0  201401 3690    {}          -200.00
#RES     0  4010          67034.40
#PSALDO  0  201401 4010    {}         67034.40
#RES     0  5010           3000.00
#PSALDO  0  201401 5010    {}          3000.00
#RES     0  6010          18021.27
#PSALDO  0  201401 6010    {}         18021.27
#RES     0  7910           1372.00
#PSALDO  0  201401 7910    {}          1372.00
