; original: BLBLOV_SIE3.SE | sietype: 3 | vendor: bl | source: Sie4j
#FLAGGA 0
#PROGRAM "BL Administration" 2018.2.101
#FORMAT PC8
#GEN 20180507 "1 Linda Henriksson"
#SIETYP 3
#FNR "BLOV"
#ORGNR 1655710918
#FNAMN "™vningsf”retaget AB"
#FTYP AB
#RAR 0 20170101 20171231
#RAR -1 20160101 20161231
#TAXAR 2018
#KPTYP EUBAS97
#KONTO 1110 "Byggnader"
#KONTO 1119 "Ackumulerade avskrivningar p† byggnader"
#KONTO 1130 "Mark"
#KONTO 1220 "Inventarier och verktyg"
#KONTO 1229 "Ack avskr p† inventarier o verktyg"
#KONTO 1240 "Bilar och andra transportmedel"
#KONTO 1249 "Ack avskr p† bilar och andra trpt.medel"
#KONTO 1350 "Aktier, andelar och v„rdep i andra ftg"
#KONTO 1380 "Andra l†ngfristiga fordringar"
#KONTO 1383 "L„mnade depositioner"
#KONTO 1410 "Lager av r†varor"
#KONTO 1470 "P†g†ende arbeten"
#KONTO 1510 "Kundfordringar"
#KONTO 1610 "Fordringar hos anst„llda"
#KONTO 1630 "Avr„kning f”r skatter och avgifter"
#KONTO 1650 "Momsfordran"
#KONTO 1680 "Andra kortfristiga fordringar"
#KONTO 1710 "F”rutbetalda hyreskostnader"
#KONTO 1720 "F”rutbetalda leasingavgifter"
#KONTO 1730 "F”rutbetalda f”rs„kringspremier"
#KONTO 1740 "F”rutbetalda r„ntekostnader"
#KONTO 1760 "Upplupna r„nteint„kter"
#KONTO 1790 "™vr f”rutbetalda kostn och upplupna int"
#KONTO 1910 "Kassa"
#KONTO 1920 "Plusgiro"
#KONTO 1930 "Checkr„kningskonto"
#KONTO 1940 "Bank"
#KONTO 2081 "Aktiekapital"
#KONTO 2086 "Reservfond"
#KONTO 2091 "Balanserad vinst eller f”rlust"
#KONTO 2092 "Mottagna/l„mnade koncernbidrag"
#KONTO 2099 "Źrets resultat"
#KONTO 2110 "Periodiseringsfond vid 2010 †rs taxering"
#KONTO 2111 "Periodiseringsfond vid 2011 †rs taxering"
#KONTO 2112 "Periodiseringsfond vid 2012 †rs taxering"
#KONTO 2125 "Periodiseringsfond vid 2005 †rs taxering"
#KONTO 2126 "Periodiseringsfond vid 2006 †rs taxering"
#KONTO 2127 "Periodiseringsfond vid 2007 †rs taxering"
#KONTO 2128 "Periodiseringsfond vid 2008 †rs taxering"
#KONTO 2129 "Periodiseringsfond vid 2009 †rs taxering"
#KONTO 2150 "Ackumulerade ”veravskrivningar"
#KONTO 2330 "Checkr„kningskredit"
#KONTO 2340 "Byggnadskreditiv"
#KONTO 2350 "Andra skulder till kreditinstitut"
#KONTO 2355 "L†n i utl„ndsk valuta till kreditinst"
#KONTO 2390 "™vriga l†ngfristiga skulder"
#KONTO 2420 "F”rskott fr†n kunder"
#KONTO 2440 "Leverant”rsskulder"
#KONTO 2490 "™vr kortfr skulder till kreditinst"
#KONTO 2510 "Skatteskulder"
#KONTO 2610 "Utg†ende moms, oreducerad"
#KONTO 2614 "Utg moms omv„nd skattskyldighet, 25 %"
#KONTO 2620 "Utg†ende moms, reducerad 1"
#KONTO 2630 "Utg†ende moms, reducerad 2"
#KONTO 2640 "Ing†ende moms"
#KONTO 2641 "Debiterad ing†ende moms"
#KONTO 2644 "Ing moms omv„nd skattskyldighet"
#KONTO 2650 "Redovisningskonto f”r moms"
#KONTO 2660 "S„rskilda punktskatter"
#KONTO 2710 "Personalskatt"
#KONTO 2730 "Lagst soc avg och s„rskild l”neskatt"
#KONTO 2760 "Semestermedel"
#KONTO 2794 "Fackf”reningsavgifter"
#KONTO 2810 "Avr„kning f”r factoring"
#KONTO 2820 "Skulder till anst„llda"
#KONTO 2840 "Kortfristiga l†neskulder"
#KONTO 2890 "™vriga kortfristiga skulder"
#KONTO 2910 "Upplupna l”ner"
#KONTO 2920 "Upplupna semesterl”ner"
#KONTO 2941 "Ber„knade uppl lagstadgade sociala avg"
#KONTO 2942 "Ber„knad upplupen l”neskatt f”r l”ner"
#KONTO 2960 "Upplupna r„ntekostnader"
#KONTO 2980 "Upplupna avtalskostnader"
#KONTO 2990 "™vr upplupna kostn och f”rutbetalda int"
#KONTO 2999 "OBS-konto"
#KONTO 3010 "F”rs„ljning"
#KONTO 3030 "F”rs„ljning 6%"
#KONTO 3500 "Fakturerade kostnader"
#KONTO 3520 "Fakturerade frakter"
#KONTO 3690 "™vriga sidoint„kter"
#KONTO 3740 "™resutj„mning"
#KONTO 3910 "Hyres- och arrendeint„kter"
#KONTO 3960 "Valutakursvinster"
#KONTO 3972 "Vinst vid avyttring av byggnader och mar"
#KONTO 3973 "Vinst vid avyttring av maskiner och inv"
#KONTO 3981 "Erh†llna EU-bidrag"
#KONTO 3985 "Erh†llna statliga bidrag"
#KONTO 3987 "Erh†llna kommunala bidrag"
#KONTO 3989 "™vriga erh†llna bidrag"
#KONTO 3990 "™vriga ers„ttningar och int„kter"
#KONTO 4010 "Ink”p material och varor"
#KONTO 4600 "Legoarbeten och underentreprenader"
#KONTO 5010 "Lokalhyra"
#KONTO 5020 "El f”r belysning"
#KONTO 5050 "Lokaltillbeh”r"
#KONTO 5060 "St„dning och renh†llning"
#KONTO 5070 "Reparation och underh†ll av lokaler"
#KONTO 5090 "™vriga lokalkostnader"
#KONTO 5210 "Hyra av maskiner"
#KONTO 5220 "Hyra av inventarier och verktyg"
#KONTO 5410 "F”rbrukningsinventarier"
#KONTO 5420 "Programvaror"
#KONTO 5440 "F”rbrukningsemballage"
#KONTO 5460 "F”rbrukningsmaterial"
#KONTO 5520 "Reparation och underh†ll av inventarier"
#KONTO 5580 "Underh†ll och tv„tt av arbetskl„der"
#KONTO 5610 "Bilkostnader"
#KONTO 5611 "Drivmedel f”r personbilar"
#KONTO 5612 "F”rs„kring och skatt f”r personbilar"
#KONTO 5613 "Reparation och underh†ll av personbilar"
#KONTO 5615 "Leasing av personbilar"
#KONTO 5616 "Tr„ngselskatt, avdragsgill"
#KONTO 5619 "™vriga personbilskostnader"
#KONTO 5710 "Frakter och transporter"
#KONTO 5810 "Biljetter"
#KONTO 5820 "Hyrbilskostnader"
#KONTO 5830 "Kost och logi"
#KONTO 5890 "™vriga resekostnader"
#KONTO 5910 "Annonsering"
#KONTO 5920 "Utomhus- och trafikreklam"
#KONTO 5930 "Reklamtrycksaker och direktreklam"
#KONTO 5940 "Utst„llningar och m„ssor"
#KONTO 5960 "Varuprover, reklamg†vor, presentreklam"
#KONTO 5990 "™vriga kostnader f”r reklam och PR"
#KONTO 6010 "Kataloger, prislistor m m"
#KONTO 6050 "F”rs„ljningsprovisioner"
#KONTO 6060 "Kreditf”rs„ljningskostnader"
#KONTO 6071 "Representation, avdragsgill"
#KONTO 6072 "Representation, ej avdragsgill"
#KONTO 6090 "™vriga f”rs„ljningskostnader"
#KONTO 6110 "Kontorsmateriel"
#KONTO 6150 "Trycksaker"
#KONTO 6210 "Telekommunikation"
#KONTO 6230 "Datakommunikation"
#KONTO 6250 "Postbefordran"
#KONTO 6310 "F”retagsf”rs„kringar"
#KONTO 6350 "F”rluster p† kundfordringar"
#KONTO 6360 "Garantikostnader"
#KONTO 6370 "Kostnader f”r bevakning och larm"
#KONTO 6420 "Ers„ttningar till revisor"
#KONTO 6530 "Redovisningstj„nster"
#KONTO 6540 "IT-tj„nster"
#KONTO 6550 "Konsultarvoden"
#KONTO 6560 "Serviceavgifter till branschorganisation"
#KONTO 6570 "Bankkostnader"
#KONTO 6590 "™vriga externa tj„nster"
#KONTO 6970 "Tidningar, tidskrifter och facklitt"
#KONTO 6981 "F”reningsavgifter, avdragsgilla"
#KONTO 6982 "F”reningsavgifter, ej avdragsgilla"
#KONTO 6991 "™vriga externa kostnader, avdragsgilla"
#KONTO 6992 "™vriga externa kostnader, ej avdr.gilla"
#KONTO 6993 "L„mnade bidrag och g†vor"
#KONTO 7010 "L”ner till kollektivanst„llda"
#KONTO 7011 "L”ner till kollektivanst„llda"
#KONTO 7090 "F”r„ndring av semesterl”neskuld"
#KONTO 7210 "L”ner till tj„nstem„n"
#KONTO 7220 "L”ner till f”retagsledare"
#KONTO 7310 "Kontanta extraers„ttningar"
#KONTO 7321 "Skattefria traktamenten, Sverige"
#KONTO 7322 "Skattepliktiga traktamenten, Sverige"
#KONTO 7323 "Skattefria traktamenten, utlandet"
#KONTO 7324 "Skattepliktiga traktamenten, utlandet"
#KONTO 7331 "Bilers„ttningar, skattefria"
#KONTO 7332 "Bilers„ttningar, skattepliktiga"
#KONTO 7370 "Representationsers„ttningar"
#KONTO 7380 "Kostnader f”r f”rm†ner till anst„llda"
#KONTO 7390 "™vriga kostnadsers„ttningar och f”rm†ner"
#KONTO 7410 "Pensionsf”rs„kringspremier"
#KONTO 7460 "Pensionsutbetalningar"
#KONTO 7510 "Lagstadgade sociala avgifter"
#KONTO 7519 "Soc avg f”r semester- och l”neskuld"
#KONTO 7530 "S„rskild l”neskatt"
#KONTO 7570 "Premier f”r arbetsmarknadsf”rs„kringar"
#KONTO 7580 "Grupplivf”rs„kringspremier"
#KONTO 7590 "™vr soc och andra avg enligt lag o avtal"
#KONTO 7610 "Utbildning"
#KONTO 7620 "Sjuk- och h„lsov†rd"
#KONTO 7631 "Personalrepresentation, avdragsgill"
#KONTO 7632 "Personalrepresentation, ej avdragsgill"
#KONTO 7690 "™vriga personalkostnader"
#KONTO 7810 "Avskrivningar p† immateriella anl.tillg"
#KONTO 7820 "Avskrivningar p† byggnader och markanl"
#KONTO 7830 "Avskrivningar p† maskiner och inv"
#KONTO 7834 "Avskrivningar p† bilar och andra transpo"
#KONTO 7960 "Valutakursf”rluster"
#KONTO 7972 "F”rlust vid avyttring av byggnader och m"
#KONTO 7973 "F”rlust vid avyttring av mask o invent"
#KONTO 8310 "R„nteint„kter fr†n oms„ttningstillg†ngar"
#KONTO 8311 "R„nteint„kter fr†n bank"
#KONTO 8314 "Skattefria r„nteint„kter"
#KONTO 8390 "™vriga finansiella int„kter"
#KONTO 8410 "R„ntekostnader f”r l†ngfristiga skulder"
#KONTO 8421 "R„ntekostnader till kreditinstitut"
#KONTO 8423 "R„ntekostnader f”r skatter och avgifter"
#KONTO 8490 "™vriga skuldrelaterade poster"
#KONTO 8710 "Extraordin„ra int„kter"
#KONTO 8750 "Extraordin„ra kostnader"
#KONTO 8811 "Avs„ttning till periodiseringsfond"
#KONTO 8819 "Źterf”ring fr†n periodiseringsfond"
#KONTO 8850 "F”r„ndring av ”veravskrivningar"
#KONTO 8910 "Skatt p† †rets beskattningsbara resultat"
#KONTO 8999 "Źrets resultat"
#SRU 1110 7214
#SRU 1119 7214
#SRU 1130 7214
#SRU 1220 7215
#SRU 1229 7215
#SRU 1240 7215
#SRU 1249 7215
#SRU 1350 7232
#SRU 1380 7235
#SRU 1383 7235
#SRU 1410 7241
#SRU 1470 7245
#SRU 1510 7251
#SRU 1610 7261
#SRU 1630 7261
#SRU 1650 7261
#SRU 1680 7261
#SRU 1710 7263
#SRU 1720 7263
#SRU 1730 7263
#SRU 1740 7263
#SRU 1760 7263
#SRU 1790 7263
#SRU 1910 7281
#SRU 1920 7281
#SRU 1930 7281
#SRU 1940 7281
#SRU 2081 7301
#SRU 2086 7301
#SRU 2091 7302
#SRU 2092 7302
#SRU 2099 7302
#SRU 2110 7321
#SRU 2111 7321
#SRU 2112 7321
#SRU 2125 7321
#SRU 2126 7321
#SRU 2127 7321
#SRU 2128 7321
#SRU 2129 7321
#SRU 2150 7322
#SRU 2330 7351
#SRU 2340 7352
#SRU 2350 7352
#SRU 2355 7352
#SRU 2390 7354
#SRU 2420 7362
#SRU 2440 7365
#SRU 2490 7369
#SRU 2510 7368
#SRU 2610 7369
#SRU 2614 7369
#SRU 2620 7369
#SRU 2630 7369
#SRU 2640 7369
#SRU 2641 7369
#SRU 2644 7369
#SRU 2650 7369
#SRU 2660 7369
#SRU 2710 7369
#SRU 2730 7369
#SRU 2760 7369
#SRU 2794 7369
#SRU 2810 7369
#SRU 2820 7369
#SRU 2840 7369
#SRU 2890 7369
#SRU 2910 7370
#SRU 2920 7370
#SRU 2941 7370
#SRU 2942 7370
#SRU 2960 7370
#SRU 2980 7370
#SRU 2990 7370
#SRU 2999 7370
#SRU 3010 7410
#SRU 3030 7410
#SRU 3500 7410
#SRU 3520 7410
#SRU 3690 7410
#SRU 3740 7410
#SRU 3910 7413
#SRU 3960 7413
#SRU 3972 7413
#SRU 3973 7413
#SRU 3981 7413
#SRU 3985 7413
#SRU 3987 7413
#SRU 3989 7413
#SRU 3990 7413
#SRU 4010 7511
#SRU 4600 7511
#SRU 5010 7513
#SRU 5020 7513
#SRU 5050 7513
#SRU 5060 7513
#SRU 5070 7513
#SRU 5090 7513
#SRU 5210 7513
#SRU 5220 7513
#SRU 5410 7513
#SRU 5420 7513
#SRU 5440 7513
#SRU 5460 7513
#SRU 5520 7513
#SRU 5580 7513
#SRU 5610 7513
#SRU 5611 7513
#SRU 5612 7513
#SRU 5613 7513
#SRU 5615 7513
#SRU 5616 7513
#SRU 5619 7513
#SRU 5710 7513
#SRU 5810 7513
#SRU 5820 7513
#SRU 5830 7513
#SRU 5890 7513
#SRU 5910 7513
#SRU 5920 7513
#SRU 5930 7513
#SRU 5940 7513
#SRU 5960 7513
#SRU 5990 7513
#SRU 6010 7513
#SRU 6050 7513
#SRU 6060 7513
#SRU 6071 7513
#SRU 6072 7513
#SRU 6072 7653
#SRU 6090 7513
#SRU 6110 7513
#SRU 6150 7513
#SRU 6210 7513
#SRU 6230 7513
#SRU 6250 7513
#SRU 6310 7513
#SRU 6350 7513
#SRU 6360 7513
#SRU 6370 7513
#SRU 6420 7513
#SRU 6530 7513
#SRU 6540 7513
#SRU 6550 7513
#SRU 6560 7513
#SRU 6570 7513
#SRU 6590 7513
#SRU 6970 7513
#SRU 6981 7513
#SRU 6982 7513
#SRU 6982 7653
#SRU 6991 7513
#SRU 6992 7513
#SRU 6992 7653
#SRU 6993 7513
#SRU 6993 7653
#SRU 7010 7514
#SRU 7011 7514
#SRU 7090 7514
#SRU 7210 7514
#SRU 7220 7514
#SRU 7310 7514
#SRU 7321 7514
#SRU 7322 7514
#SRU 7323 7514
#SRU 7324 7514
#SRU 7331 7514
#SRU 7332 7514
#SRU 7370 7514
#SRU 7380 7514
#SRU 7390 7514
#SRU 7410 7514
#SRU 7460 7514
#SRU 7510 7514
#SRU 7519 7514
#SRU 7530 7514
#SRU 7570 7514
#SRU 7580 7514
#SRU 7590 7514
#SRU 7610 7514
#SRU 7620 7514
#SRU 7631 7514
#SRU 7632 7514
#SRU 7632 7653
#SRU 7690 7514
#SRU 7810 7515
#SRU 7820 7515
#SRU 7830 7515
#SRU 7834 7515
#SRU 7960 7517
#SRU 7972 7517
#SRU 7973 7517
#SRU 8310 7417
#SRU 8311 7417
#SRU 8314 7417
#SRU 8314 7754
#SRU 8390 7417
#SRU 8410 7522
#SRU 8421 7522
#SRU 8423 7522
#SRU 8423 7653
#SRU 8490 7522
#SRU 8710 7422
#SRU 8750 7422
#SRU 8811 7525
#SRU 8819 7420
#SRU 8850 7421
#SRU 8910 7528
#SRU 8910 7651
#SRU 8999 7450
#IB 0 1119 -80000.00
#IB 0 1240 10000.00
#IB 0 1249 -71667.00
#IB 0 1410 250000.00
#IB 0 1510 -196049.50
#IB 0 1610 120.00
#IB 0 1910 -6986.00
#IB 0 1920 632095.00
#IB 0 1930 1009216.50
#IB 0 2081 -100000.00
#IB 0 2091 -140182.00
#IB 0 2099 -355937.00
#IB 0 2350 -300000.00
#IB 0 2440 -521509.00
#IB 0 2610 -37937.45
#IB 0 2614 -2500.00
#IB 0 2630 -84735.00
#IB 0 2640 58566.78
#IB 0 2644 2500.00
#IB 0 2710 -143925.00
#IB 0 2730 -164495.94
#IB 0 2820 -950.00
#IB 0 2920 43222.00
#IB 0 2941 15541.20
#IB 0 2999 -1582.86
#IB -1 1119 -60000.00
#IB -1 1240 10000.00
#IB -1 1249 -51667.00
#IB -1 1410 250000.00
#IB -1 1510 -207314.00
#IB -1 1910 -6986.00
#IB -1 1920 632095.00
#IB -1 1930 997833.00
#IB -1 2081 -100000.00
#IB -1 2091 -140182.00
#IB -1 2099 -355937.00
#IB -1 2350 -300000.00
#IB -1 2440 -521509.00
#IB -1 2610 -16788.75
#IB -1 2614 -2500.00
#IB -1 2630 -84735.00
#IB -1 2640 58566.78
#IB -1 2644 2500.00
#IB -1 2710 -90391.00
#IB -1 2730 -121293.51
#IB -1 2820 -950.00
#IB -1 2920 48142.00
#IB -1 2941 15126.34
#UB 0 1119 -100000.00
#UB 0 1240 10000.00
#UB 0 1249 -91667.00
#UB 0 1410 250000.00
#UB 0 1510 -189424.50
#UB 0 1610 120.00
#UB 0 1910 -6986.00
#UB 0 1920 632095.00
#UB 0 1930 984091.74
#UB 0 2081 -100000.00
#UB 0 2091 -140182.00
#UB 0 2099 -355937.00
#UB 0 2350 -300000.00
#UB 0 2440 -522509.00
#UB 0 2610 -39612.45
#UB 0 2614 -2500.00
#UB 0 2630 -84735.00
#UB 0 2640 58930.78
#UB 0 2641 121.35
#UB 0 2644 2500.00
#UB 0 2710 -152599.00
#UB 0 2730 -174846.32
#UB 0 2820 -950.00
#UB 0 2920 43222.00
#UB 0 2941 15541.20
#UB 0 2999 -1582.86
#UB -1 1119 -80000.00
#UB -1 1240 10000.00
#UB -1 1249 -71667.00
#UB -1 1410 250000.00
#UB -1 1510 -196049.50
#UB -1 1610 120.00
#UB -1 1910 -6986.00
#UB -1 1920 632095.00
#UB -1 1930 1009216.50
#UB -1 2081 -100000.00
#UB -1 2091 -140182.00
#UB -1 2099 -355937.00
#UB -1 2350 -300000.00
#UB -1 2440 -521509.00
#UB -1 2610 -37937.45
#UB -1 2614 -2500.00
#UB -1 2630 -84735.00
#UB -1 2640 58566.78
#UB -1 2644 2500.00
#UB -1 2710 -143925.00
#UB -1 2730 -164495.94
#UB -1 2820 -950.00
#UB -1 2920 43222.00
#UB -1 2941 15541.20
#UB -1 2999 -1582.86
#RES 0 3010 -6700.00
#RES 0 4010 800.00
#RES 0 5610 485.41
#RES 0 6072 1836.00
#RES 0 7010 32702.00
#RES 0 7510 10590.38
#RES 0 7820 20000.00
#RES 0 7834 20000.00
#RES -1 3010 -85064.80
#RES -1 3740 -0.28
#RES -1 3960 -15.00
#RES -1 6570 5.00
#RES -1 7010 126883.78
#RES -1 7011 10000.00
#RES -1 7090 4920.00
#RES -1 7321 143.00
#RES -1 7510 43202.43
#RES -1 7519 1131.00
#RES -1 7820 20000.00
#RES -1 7834 20000.00
#PSALDO 0 201701 1119 {} -1666.00
#PSALDO 0 201702 1119 {} -1667.00
#PSALDO 0 201703 1119 {} -1667.00
#PSALDO 0 201704 1119 {} -1666.00
#PSALDO 0 201705 1119 {} -1667.00
#PSALDO 0 201706 1119 {} -1667.00
#PSALDO 0 201707 1119 {} -1666.00
#PSALDO 0 201708 1119 {} -1667.00
#PSALDO 0 201709 1119 {} -1667.00
#PSALDO 0 201710 1119 {} -1666.00
#PSALDO 0 201711 1119 {} -1667.00
#PSALDO 0 201712 1119 {} -1667.00
#PSALDO 0 201701 1249 {} -1666.00
#PSALDO 0 201702 1249 {} -1667.00
#PSALDO 0 201703 1249 {} -1667.00
#PSALDO 0 201704 1249 {} -1666.00
#PSALDO 0 201705 1249 {} -1667.00
#PSALDO 0 201706 1249 {} -1667.00
#PSALDO 0 201707 1249 {} -1666.00
#PSALDO 0 201708 1249 {} -1667.00
#PSALDO 0 201709 1249 {} -1667.00
#PSALDO 0 201710 1249 {} -1666.00
#PSALDO 0 201711 1249 {} -1667.00
#PSALDO 0 201712 1249 {} -1667.00
#PSALDO 0 201701 1510 {} 0.00
#PSALDO 0 201702 1510 {} 0.00
#PSALDO 0 201703 1510 {} 0.00
#PSALDO 0 201704 1510 {} 0.00
#PSALDO 0 201705 1510 {} 0.00
#PSALDO 0 201706 1510 {} 0.00
#PSALDO 0 201707 1510 {} 0.00
#PSALDO 0 201708 1510 {} 0.00
#PSALDO 0 201709 1510 {} 0.00
#PSALDO 0 201710 1510 {} 0.00
#PSALDO 0 201711 1510 {} 0.00
#PSALDO 0 201712 1510 {} 6625.00
#PSALDO 0 201701 1930 {} -26874.76
#PSALDO 0 201702 1930 {} 0.00
#PSALDO 0 201703 1930 {} 0.00
#PSALDO 0 201704 1930 {} 0.00
#PSALDO 0 201705 1930 {} 0.00
#PSALDO 0 201706 1930 {} 0.00
#PSALDO 0 201707 1930 {} 0.00
#PSALDO 0 201708 1930 {} 0.00
#PSALDO 0 201709 1930 {} 0.00
#PSALDO 0 201710 1930 {} 0.00
#PSALDO 0 201711 1930 {} 0.00
#PSALDO 0 201712 1930 {} 1750.00
#PSALDO 0 201701 2440 {} -1000.00
#PSALDO 0 201702 2440 {} 0.00
#PSALDO 0 201703 2440 {} 0.00
#PSALDO 0 201704 2440 {} 0.00
#PSALDO 0 201705 2440 {} 0.00
#PSALDO 0 201706 2440 {} 0.00
#PSALDO 0 201707 2440 {} 0.00
#PSALDO 0 201708 2440 {} 0.00
#PSALDO 0 201709 2440 {} 0.00
#PSALDO 0 201710 2440 {} 0.00
#PSALDO 0 201711 2440 {} 0.00
#PSALDO 0 201712 2440 {} 0.00
#PSALDO 0 201701 2610 {} 0.00
#PSALDO 0 201702 2610 {} 0.00
#PSALDO 0 201703 2610 {} 0.00
#PSALDO 0 201704 2610 {} 0.00
#PSALDO 0 201705 2610 {} 0.00
#PSALDO 0 201706 2610 {} 0.00
#PSALDO 0 201707 2610 {} 0.00
#PSALDO 0 201708 2610 {} 0.00
#PSALDO 0 201709 2610 {} 0.00
#PSALDO 0 201710 2610 {} 0.00
#PSALDO 0 201711 2610 {} 0.00
#PSALDO 0 201712 2610 {} -1675.00
#PSALDO 0 201701 2640 {} 364.00
#PSALDO 0 201702 2640 {} 0.00
#PSALDO 0 201703 2640 {} 0.00
#PSALDO 0 201704 2640 {} 0.00
#PSALDO 0 201705 2640 {} 0.00
#PSALDO 0 201706 2640 {} 0.00
#PSALDO 0 201707 2640 {} 0.00
#PSALDO 0 201708 2640 {} 0.00
#PSALDO 0 201709 2640 {} 0.00
#PSALDO 0 201710 2640 {} 0.00
#PSALDO 0 201711 2640 {} 0.00
#PSALDO 0 201712 2640 {} 0.00
#PSALDO 0 201701 2641 {} 121.35
#PSALDO 0 201702 2641 {} 0.00
#PSALDO 0 201703 2641 {} 0.00
#PSALDO 0 201704 2641 {} 0.00
#PSALDO 0 201705 2641 {} 0.00
#PSALDO 0 201706 2641 {} 0.00
#PSALDO 0 201707 2641 {} 0.00
#PSALDO 0 201708 2641 {} 0.00
#PSALDO 0 201709 2641 {} 0.00
#PSALDO 0 201710 2641 {} 0.00
#PSALDO 0 201711 2641 {} 0.00
#PSALDO 0 201712 2641 {} 0.00
#PSALDO 0 201701 2710 {} -8674.00
#PSALDO 0 201702 2710 {} 0.00
#PSALDO 0 201703 2710 {} 0.00
#PSALDO 0 201704 2710 {} 0.00
#PSALDO 0 201705 2710 {} 0.00
#PSALDO 0 201706 2710 {} 0.00
#PSALDO 0 201707 2710 {} 0.00
#PSALDO 0 201708 2710 {} 0.00
#PSALDO 0 201709 2710 {} 0.00
#PSALDO 0 201710 2710 {} 0.00
#PSALDO 0 201711 2710 {} 0.00
#PSALDO 0 201712 2710 {} 0.00
#PSALDO 0 201701 2730 {} -10350.38
#PSALDO 0 201702 2730 {} 0.00
#PSALDO 0 201703 2730 {} 0.00
#PSALDO 0 201704 2730 {} 0.00
#PSALDO 0 201705 2730 {} 0.00
#PSALDO 0 201706 2730 {} 0.00
#PSALDO 0 201707 2730 {} 0.00
#PSALDO 0 201708 2730 {} 0.00
#PSALDO 0 201709 2730 {} 0.00
#PSALDO 0 201710 2730 {} 0.00
#PSALDO 0 201711 2730 {} 0.00
#PSALDO 0 201712 2730 {} 0.00
#PSALDO 0 201701 3010 {} 0.00
#PSALDO 0 201702 3010 {} 0.00
#PSALDO 0 201703 3010 {} 0.00
#PSALDO 0 201704 3010 {} 0.00
#PSALDO 0 201705 3010 {} 0.00
#PSALDO 0 201706 3010 {} 0.00
#PSALDO 0 201707 3010 {} 0.00
#PSALDO 0 201708 3010 {} 0.00
#PSALDO 0 201709 3010 {} 0.00
#PSALDO 0 201710 3010 {} 0.00
#PSALDO 0 201711 3010 {} 0.00
#PSALDO 0 201712 3010 {} -6700.00
#PSALDO 0 201701 4010 {} 800.00
#PSALDO 0 201702 4010 {} 0.00
#PSALDO 0 201703 4010 {} 0.00
#PSALDO 0 201704 4010 {} 0.00
#PSALDO 0 201705 4010 {} 0.00
#PSALDO 0 201706 4010 {} 0.00
#PSALDO 0 201707 4010 {} 0.00
#PSALDO 0 201708 4010 {} 0.00
#PSALDO 0 201709 4010 {} 0.00
#PSALDO 0 201710 4010 {} 0.00
#PSALDO 0 201711 4010 {} 0.00
#PSALDO 0 201712 4010 {} 0.00
#PSALDO 0 201701 5610 {} 485.41
#PSALDO 0 201702 5610 {} 0.00
#PSALDO 0 201703 5610 {} 0.00
#PSALDO 0 201704 5610 {} 0.00
#PSALDO 0 201705 5610 {} 0.00
#PSALDO 0 201706 5610 {} 0.00
#PSALDO 0 201707 5610 {} 0.00
#PSALDO 0 201708 5610 {} 0.00
#PSALDO 0 201709 5610 {} 0.00
#PSALDO 0 201710 5610 {} 0.00
#PSALDO 0 201711 5610 {} 0.00
#PSALDO 0 201712 5610 {} 0.00
#PSALDO 0 201701 6072 {} 1836.00
#PSALDO 0 201702 6072 {} 0.00
#PSALDO 0 201703 6072 {} 0.00
#PSALDO 0 201704 6072 {} 0.00
#PSALDO 0 201705 6072 {} 0.00
#PSALDO 0 201706 6072 {} 0.00
#PSALDO 0 201707 6072 {} 0.00
#PSALDO 0 201708 6072 {} 0.00
#PSALDO 0 201709 6072 {} 0.00
#PSALDO 0 201710 6072 {} 0.00
#PSALDO 0 201711 6072 {} 0.00
#PSALDO 0 201712 6072 {} 0.00
#PSALDO 0 201701 7010 {} 32702.00
#PSALDO 0 201702 7010 {} 0.00
#PSALDO 0 201703 7010 {} 0.00
#PSALDO 0 201704 7010 {} 0.00
#PSALDO 0 201705 7010 {} 0.00
#PSALDO 0 201706 7010 {} 0.00
#PSALDO 0 201707 7010 {} 0.00
#PSALDO 0 201708 7010 {} 0.00
#PSALDO 0 201709 7010 {} 0.00
#PSALDO 0 201710 7010 {} 0.00
#PSALDO 0 201711 7010 {} 0.00
#PSALDO 0 201712 7010 {} 0.00
#PSALDO 0 201701 7510 {} 10590.38
#PSALDO 0 201702 7510 {} 0.00
#PSALDO 0 201703 7510 {} 0.00
#PSALDO 0 201704 7510 {} 0.00
#PSALDO 0 201705 7510 {} 0.00
#PSALDO 0 201706 7510 {} 0.00
#PSALDO 0 201707 7510 {} 0.00
#PSALDO 0 201708 7510 {} 0.00
#PSALDO 0 201709 7510 {} 0.00
#PSALDO 0 201710 7510 {} 0.00
#PSALDO 0 201711 7510 {} 0.00
#PSALDO 0 201712 7510 {} 0.00
#PSALDO 0 201701 7820 {} 1666.00
#PSALDO 0 201702 7820 {} 1667.00
#PSALDO 0 201703 7820 {} 1667.00
#PSALDO 0 201704 7820 {} 1666.00
#PSALDO 0 201705 7820 {} 1667.00
#PSALDO 0 201706 7820 {} 1667.00
#PSALDO 0 201707 7820 {} 1666.00
#PSALDO 0 201708 7820 {} 1667.00
#PSALDO 0 201709 7820 {} 1667.00
#PSALDO 0 201710 7820 {} 1666.00
#PSALDO 0 201711 7820 {} 1667.00
#PSALDO 0 201712 7820 {} 1667.00
#PSALDO 0 201701 7834 {} 1666.00
#PSALDO 0 201702 7834 {} 1667.00
#PSALDO 0 201703 7834 {} 1667.00
#PSALDO 0 201704 7834 {} 1666.00
#PSALDO 0 201705 7834 {} 1667.00
#PSALDO 0 201706 7834 {} 1667.00
#PSALDO 0 201707 7834 {} 1666.00
#PSALDO 0 201708 7834 {} 1667.00
#PSALDO 0 201709 7834 {} 1667.00
#PSALDO 0 201710 7834 {} 1666.00
#PSALDO 0 201711 7834 {} 1667.00
#PSALDO 0 201712 7834 {} 1667.00
#PSALDO 0 201601 1119 {} -1666.00
#PSALDO 0 201602 1119 {} -1667.00
#PSALDO 0 201603 1119 {} -1667.00
#PSALDO 0 201604 1119 {} -1666.00
#PSALDO 0 201605 1119 {} -1667.00
#PSALDO 0 201606 1119 {} -1667.00
#PSALDO 0 201607 1119 {} -1666.00
#PSALDO 0 201608 1119 {} -1667.00
#PSALDO 0 201609 1119 {} -1667.00
#PSALDO 0 201610 1119 {} -1666.00
#PSALDO 0 201611 1119 {} -1667.00
#PSALDO 0 201612 1119 {} -1667.00
#PSALDO 0 201601 1249 {} -1666.00
#PSALDO 0 201602 1249 {} -1667.00
#PSALDO 0 201603 1249 {} -1667.00
#PSALDO 0 201604 1249 {} -1666.00
#PSALDO 0 201605 1249 {} -1667.00
#PSALDO 0 201606 1249 {} -1667.00
#PSALDO 0 201607 1249 {} -1666.00
#PSALDO 0 201608 1249 {} -1667.00
#PSALDO 0 201609 1249 {} -1667.00
#PSALDO 0 201610 1249 {} -1666.00
#PSALDO 0 201611 1249 {} -1667.00
#PSALDO 0 201612 1249 {} -1667.00
#PSALDO 0 201601 1510 {} 0.00
#PSALDO 0 201602 1510 {} 0.00
#PSALDO 0 201603 1510 {} 0.00
#PSALDO 0 201604 1510 {} 0.00
#PSALDO 0 201605 1510 {} 0.00
#PSALDO 0 201606 1510 {} 0.00
#PSALDO 0 201607 1510 {} 0.00
#PSALDO 0 201608 1510 {} -37326.00
#PSALDO 0 201609 1510 {} 0.00
#PSALDO 0 201610 1510 {} 0.00
#PSALDO 0 201611 1510 {} 48590.50
#PSALDO 0 201612 1510 {} 0.00
#PSALDO 0 201601 1610 {} 1000.00
#PSALDO 0 201602 1610 {} 0.00
#PSALDO 0 201603 1610 {} 0.00
#PSALDO 0 201604 1610 {} 0.00
#PSALDO 0 201605 1610 {} 0.00
#PSALDO 0 201606 1610 {} 0.00
#PSALDO 0 201607 1610 {} 0.00
#PSALDO 0 201608 1610 {} 0.00
#PSALDO 0 201609 1610 {} -880.00
#PSALDO 0 201610 1610 {} 0.00
#PSALDO 0 201611 1610 {} 0.00
#PSALDO 0 201612 1610 {} 0.00
#PSALDO 0 201601 1930 {} -16504.00
#PSALDO 0 201602 1930 {} 0.00
#PSALDO 0 201603 1930 {} 0.00
#PSALDO 0 201604 1930 {} 0.00
#PSALDO 0 201605 1930 {} 0.00
#PSALDO 0 201606 1930 {} 0.00
#PSALDO 0 201607 1930 {} 0.00
#PSALDO 0 201608 1930 {} 46406.00
#PSALDO 0 201609 1930 {} -23300.00
#PSALDO 0 201610 1930 {} -22643.00
#PSALDO 0 201611 1930 {} 48590.50
#PSALDO 0 201612 1930 {} -21166.00
#PSALDO 0 201601 2610 {} 0.00
#PSALDO 0 201602 2610 {} 0.00
#PSALDO 0 201603 2610 {} 0.00
#PSALDO 0 201604 2610 {} 0.00
#PSALDO 0 201605 2610 {} 0.00
#PSALDO 0 201606 2610 {} 0.00
#PSALDO 0 201607 2610 {} 0.00
#PSALDO 0 201608 2610 {} -1712.50
#PSALDO 0 201609 2610 {} 0.00
#PSALDO 0 201610 2610 {} 0.00
#PSALDO 0 201611 2610 {} -19436.20
#PSALDO 0 201612 2610 {} 0.00
#PSALDO 0 201601 2710 {} -4496.00
#PSALDO 0 201602 2710 {} 0.00
#PSALDO 0 201603 2710 {} 0.00
#PSALDO 0 201604 2710 {} 0.00
#PSALDO 0 201605 2710 {} 0.00
#PSALDO 0 201606 2710 {} 0.00
#PSALDO 0 201607 2710 {} 0.00
#PSALDO 0 201608 2710 {} 0.00
#PSALDO 0 201609 2710 {} -8347.00
#PSALDO 0 201610 2710 {} -7357.00
#PSALDO 0 201611 2710 {} 0.00
#PSALDO 0 201612 2710 {} -33334.00
#PSALDO 0 201601 2730 {} -6284.00
#PSALDO 0 201602 2730 {} 0.00
#PSALDO 0 201603 2730 {} 0.00
#PSALDO 0 201604 2730 {} 0.00
#PSALDO 0 201605 2730 {} 0.00
#PSALDO 0 201606 2730 {} 0.00
#PSALDO 0 201607 2730 {} 0.00
#PSALDO 0 201608 2730 {} 0.00
#PSALDO 0 201609 2730 {} -10368.53
#PSALDO 0 201610 2730 {} -9426.00
#PSALDO 0 201611 2730 {} 0.00
#PSALDO 0 201612 2730 {} -17123.90
#PSALDO 0 201601 2920 {} -1320.00
#PSALDO 0 201602 2920 {} 0.00
#PSALDO 0 201603 2920 {} 0.00
#PSALDO 0 201604 2920 {} 0.00
#PSALDO 0 201605 2920 {} 0.00
#PSALDO 0 201606 2920 {} 0.00
#PSALDO 0 201607 2920 {} 0.00
#PSALDO 0 201608 2920 {} 0.00
#PSALDO 0 201609 2920 {} 0.00
#PSALDO 0 201610 2920 {} -3600.00
#PSALDO 0 201611 2920 {} 0.00
#PSALDO 0 201612 2920 {} 0.00
#PSALDO 0 201601 2941 {} 414.74
#PSALDO 0 201602 2941 {} 0.00
#PSALDO 0 201603 2941 {} 0.00
#PSALDO 0 201604 2941 {} 0.00
#PSALDO 0 201605 2941 {} 0.00
#PSALDO 0 201606 2941 {} 0.00
#PSALDO 0 201607 2941 {} 0.00
#PSALDO 0 201608 2941 {} 0.00
#PSALDO 0 201609 2941 {} 0.00
#PSALDO 0 201610 2941 {} 0.12
#PSALDO 0 201611 2941 {} 0.00
#PSALDO 0 201612 2941 {} 0.00
#PSALDO 0 201601 2999 {} -414.74
#PSALDO 0 201602 2999 {} 0.00
#PSALDO 0 201603 2999 {} 0.00
#PSALDO 0 201604 2999 {} 0.00
#PSALDO 0 201605 2999 {} 0.00
#PSALDO 0 201606 2999 {} 0.00
#PSALDO 0 201607 2999 {} 0.00
#PSALDO 0 201608 2999 {} -37.00
#PSALDO 0 201609 2999 {} 0.00
#PSALDO 0 201610 2999 {} -1131.12
#PSALDO 0 201611 2999 {} 0.00
#PSALDO 0 201612 2999 {} 0.00
#PSALDO 0 201601 3010 {} 0.00
#PSALDO 0 201602 3010 {} 0.00
#PSALDO 0 201603 3010 {} 0.00
#PSALDO 0 201604 3010 {} 0.00
#PSALDO 0 201605 3010 {} 0.00
#PSALDO 0 201606 3010 {} 0.00
#PSALDO 0 201607 3010 {} 0.00
#PSALDO 0 201608 3010 {} -7320.00
#PSALDO 0 201609 3010 {} 0.00
#PSALDO 0 201610 3010 {} 0.00
#PSALDO 0 201611 3010 {} -77744.80
#PSALDO 0 201612 3010 {} 0.00
#PSALDO 0 201601 3740 {} 0.00
#PSALDO 0 201602 3740 {} 0.00
#PSALDO 0 201603 3740 {} 0.00
#PSALDO 0 201604 3740 {} 0.00
#PSALDO 0 201605 3740 {} 0.00
#PSALDO 0 201606 3740 {} 0.00
#PSALDO 0 201607 3740 {} 0.00
#PSALDO 0 201608 3740 {} -0.50
#PSALDO 0 201609 3740 {} 0.22
#PSALDO 0 201610 3740 {} 0.00
#PSALDO 0 201611 3740 {} 0.00
#PSALDO 0 201612 3740 {} 0.00
#PSALDO 0 201601 3960 {} 0.00
#PSALDO 0 201602 3960 {} 0.00
#PSALDO 0 201603 3960 {} 0.00
#PSALDO 0 201604 3960 {} 0.00
#PSALDO 0 201605 3960 {} 0.00
#PSALDO 0 201606 3960 {} 0.00
#PSALDO 0 201607 3960 {} 0.00
#PSALDO 0 201608 3960 {} -15.00
#PSALDO 0 201609 3960 {} 0.00
#PSALDO 0 201610 3960 {} 0.00
#PSALDO 0 201611 3960 {} 0.00
#PSALDO 0 201612 3960 {} 0.00
#PSALDO 0 201601 6570 {} 0.00
#PSALDO 0 201602 6570 {} 0.00
#PSALDO 0 201603 6570 {} 0.00
#PSALDO 0 201604 6570 {} 0.00
#PSALDO 0 201605 6570 {} 0.00
#PSALDO 0 201606 6570 {} 0.00
#PSALDO 0 201607 6570 {} 0.00
#PSALDO 0 201608 6570 {} 5.00
#PSALDO 0 201609 6570 {} 0.00
#PSALDO 0 201610 6570 {} 0.00
#PSALDO 0 201611 6570 {} 0.00
#PSALDO 0 201612 6570 {} 0.00
#PSALDO 0 201601 7010 {} 10000.00
#PSALDO 0 201602 7010 {} 0.00
#PSALDO 0 201603 7010 {} 0.00
#PSALDO 0 201604 7010 {} 0.00
#PSALDO 0 201605 7010 {} 0.00
#PSALDO 0 201606 7010 {} 0.00
#PSALDO 0 201607 7010 {} 0.00
#PSALDO 0 201608 7010 {} 0.00
#PSALDO 0 201609 7010 {} 32383.78
#PSALDO 0 201610 7010 {} 30000.00
#PSALDO 0 201611 7010 {} 0.00
#PSALDO 0 201612 7010 {} 54500.00
#PSALDO 0 201601 7011 {} 10000.00
#PSALDO 0 201602 7011 {} 0.00
#PSALDO 0 201603 7011 {} 0.00
#PSALDO 0 201604 7011 {} 0.00
#PSALDO 0 201605 7011 {} 0.00
#PSALDO 0 201606 7011 {} 0.00
#PSALDO 0 201607 7011 {} 0.00
#PSALDO 0 201608 7011 {} 0.00
#PSALDO 0 201609 7011 {} 0.00
#PSALDO 0 201610 7011 {} 0.00
#PSALDO 0 201611 7011 {} 0.00
#PSALDO 0 201612 7011 {} 0.00
#PSALDO 0 201601 7090 {} 1320.00
#PSALDO 0 201602 7090 {} 0.00
#PSALDO 0 201603 7090 {} 0.00
#PSALDO 0 201604 7090 {} 0.00
#PSALDO 0 201605 7090 {} 0.00
#PSALDO 0 201606 7090 {} 0.00
#PSALDO 0 201607 7090 {} 0.00
#PSALDO 0 201608 7090 {} 0.00
#PSALDO 0 201609 7090 {} 0.00
#PSALDO 0 201610 7090 {} 3600.00
#PSALDO 0 201611 7090 {} 0.00
#PSALDO 0 201612 7090 {} 0.00
#PSALDO 0 201601 7321 {} 0.00
#PSALDO 0 201602 7321 {} 0.00
#PSALDO 0 201603 7321 {} 0.00
#PSALDO 0 201604 7321 {} 0.00
#PSALDO 0 201605 7321 {} 0.00
#PSALDO 0 201606 7321 {} 0.00
#PSALDO 0 201607 7321 {} 0.00
#PSALDO 0 201608 7321 {} 0.00
#PSALDO 0 201609 7321 {} 143.00
#PSALDO 0 201610 7321 {} 0.00
#PSALDO 0 201611 7321 {} 0.00
#PSALDO 0 201612 7321 {} 0.00
#PSALDO 0 201601 7510 {} 6284.00
#PSALDO 0 201602 7510 {} 0.00
#PSALDO 0 201603 7510 {} 0.00
#PSALDO 0 201604 7510 {} 0.00
#PSALDO 0 201605 7510 {} 0.00
#PSALDO 0 201606 7510 {} 0.00
#PSALDO 0 201607 7510 {} 0.00
#PSALDO 0 201608 7510 {} 0.00
#PSALDO 0 201609 7510 {} 10368.53
#PSALDO 0 201610 7510 {} 9426.00
#PSALDO 0 201611 7510 {} 0.00
#PSALDO 0 201612 7510 {} 17123.90
#PSALDO 0 201601 7519 {} 0.00
#PSALDO 0 201602 7519 {} 0.00
#PSALDO 0 201603 7519 {} 0.00
#PSALDO 0 201604 7519 {} 0.00
#PSALDO 0 201605 7519 {} 0.00
#PSALDO 0 201606 7519 {} 0.00
#PSALDO 0 201607 7519 {} 0.00
#PSALDO 0 201608 7519 {} 0.00
#PSALDO 0 201609 7519 {} 0.00
#PSALDO 0 201610 7519 {} 1131.00
#PSALDO 0 201611 7519 {} 0.00
#PSALDO 0 201612 7519 {} 0.00
#PSALDO 0 201601 7820 {} 1666.00
#PSALDO 0 201602 7820 {} 1667.00
#PSALDO 0 201603 7820 {} 1667.00
#PSALDO 0 201604 7820 {} 1666.00
#PSALDO 0 201605 7820 {} 1667.00
#PSALDO 0 201606 7820 {} 1667.00
#PSALDO 0 201607 7820 {} 1666.00
#PSALDO 0 201608 7820 {} 1667.00
#PSALDO 0 201609 7820 {} 1667.00
#PSALDO 0 201610 7820 {} 1666.00
#PSALDO 0 201611 7820 {} 1667.00
#PSALDO 0 201612 7820 {} 1667.00
#PSALDO 0 201601 7834 {} 1666.00
#PSALDO 0 201602 7834 {} 1667.00
#PSALDO 0 201603 7834 {} 1667.00
#PSALDO 0 201604 7834 {} 1666.00
#PSALDO 0 201605 7834 {} 1667.00
#PSALDO 0 201606 7834 {} 1667.00
#PSALDO 0 201607 7834 {} 1666.00
#PSALDO 0 201608 7834 {} 1667.00
#PSALDO 0 201609 7834 {} 1667.00
#PSALDO 0 201610 7834 {} 1666.00
#PSALDO 0 201611 7834 {} 1667.00
#PSALDO 0 201612 7834 {} 1667.00
#PBUDGET 0 201701 1119 {} -1666.00
#PBUDGET 0 201702 1119 {} -1667.00
#PBUDGET 0 201703 1119 {} -1667.00
#PBUDGET 0 201704 1119 {} -1666.00
#PBUDGET 0 201705 1119 {} -1667.00
#PBUDGET 0 201706 1119 {} -1667.00
#PBUDGET 0 201707 1119 {} -1666.00
#PBUDGET 0 201708 1119 {} -1667.00
#PBUDGET 0 201709 1119 {} -1667.00
#PBUDGET 0 201710 1119 {} -1666.00
#PBUDGET 0 201711 1119 {} -1667.00
#PBUDGET 0 201712 1119 {} -1667.00
#PBUDGET 0 201701 1249 {} -1666.00
#PBUDGET 0 201702 1249 {} -1667.00
#PBUDGET 0 201703 1249 {} -1667.00
#PBUDGET 0 201704 1249 {} -1666.00
#PBUDGET 0 201705 1249 {} -1667.00
#PBUDGET 0 201706 1249 {} -1667.00
#PBUDGET 0 201707 1249 {} -1666.00
#PBUDGET 0 201708 1249 {} -1667.00
#PBUDGET 0 201709 1249 {} -1667.00
#PBUDGET 0 201710 1249 {} -1666.00
#PBUDGET 0 201711 1249 {} -1667.00
#PBUDGET 0 201712 1249 {} -1667.00
#PBUDGET 0 201701 1510 {} 0.00
#PBUDGET 0 201702 1510 {} 0.00
#PBUDGET 0 201703 1510 {} 0.00
#PBUDGET 0 201704 1510 {} 0.00
#PBUDGET 0 201705 1510 {} 0.00
#PBUDGET 0 201706 1510 {} 0.00
#PBUDGET 0 201707 1510 {} 0.00
#PBUDGET 0 201708 1510 {} -37326.00
#PBUDGET 0 201709 1510 {} 0.00
#PBUDGET 0 201710 1510 {} 0.00
#PBUDGET 0 201711 1510 {} 48590.50
#PBUDGET 0 201712 1510 {} 0.00
#PBUDGET 0 201701 1610 {} 1000.00
#PBUDGET 0 201702 1610 {} 0.00
#PBUDGET 0 201703 1610 {} 0.00
#PBUDGET 0 201704 1610 {} 0.00
#PBUDGET 0 201705 1610 {} 0.00
#PBUDGET 0 201706 1610 {} 0.00
#PBUDGET 0 201707 1610 {} 0.00
#PBUDGET 0 201708 1610 {} 0.00
#PBUDGET 0 201709 1610 {} -880.00
#PBUDGET 0 201710 1610 {} 0.00
#PBUDGET 0 201711 1610 {} 0.00
#PBUDGET 0 201712 1610 {} 0.00
#PBUDGET 0 201701 1930 {} -16504.00
#PBUDGET 0 201702 1930 {} 0.00
#PBUDGET 0 201703 1930 {} 0.00
#PBUDGET 0 201704 1930 {} 0.00
#PBUDGET 0 201705 1930 {} 0.00
#PBUDGET 0 201706 1930 {} 0.00
#PBUDGET 0 201707 1930 {} 0.00
#PBUDGET 0 201708 1930 {} 46406.00
#PBUDGET 0 201709 1930 {} -23300.00
#PBUDGET 0 201710 1930 {} -22643.00
#PBUDGET 0 201711 1930 {} 48590.50
#PBUDGET 0 201712 1930 {} -21166.00
#PBUDGET 0 201701 2610 {} 0.00
#PBUDGET 0 201702 2610 {} 0.00
#PBUDGET 0 201703 2610 {} 0.00
#PBUDGET 0 201704 2610 {} 0.00
#PBUDGET 0 201705 2610 {} 0.00
#PBUDGET 0 201706 2610 {} 0.00
#PBUDGET 0 201707 2610 {} 0.00
#PBUDGET 0 201708 2610 {} -1712.50
#PBUDGET 0 201709 2610 {} 0.00
#PBUDGET 0 201710 2610 {} 0.00
#PBUDGET 0 201711 2610 {} -19436.20
#PBUDGET 0 201712 2610 {} 0.00
#PBUDGET 0 201701 2710 {} -4496.00
#PBUDGET 0 201702 2710 {} 0.00
#PBUDGET 0 201703 2710 {} 0.00
#PBUDGET 0 201704 2710 {} 0.00
#PBUDGET 0 201705 2710 {} 0.00
#PBUDGET 0 201706 2710 {} 0.00
#PBUDGET 0 201707 2710 {} 0.00
#PBUDGET 0 201708 2710 {} 0.00
#PBUDGET 0 201709 2710 {} -8347.00
#PBUDGET 0 201710 2710 {} -7357.00
#PBUDGET 0 201711 2710 {} 0.00
#PBUDGET 0 201712 2710 {} -33334.00
#PBUDGET 0 201701 2730 {} -6284.00
#PBUDGET 0 201702 2730 {} 0.00
#PBUDGET 0 201703 2730 {} 0.00
#PBUDGET 0 201704 2730 {} 0.00
#PBUDGET 0 201705 2730 {} 0.00
#PBUDGET 0 201706 2730 {} 0.00
#PBUDGET 0 201707 2730 {} 0.00
#PBUDGET 0 201708 2730 {} 0.00
#PBUDGET 0 201709 2730 {} -10368.53
#PBUDGET 0 201710 2730 {} -9426.00
#PBUDGET 0 201711 2730 {} 0.00
#PBUDGET 0 201712 2730 {} -17123.90
#PBUDGET 0 201701 2920 {} -1320.00
#PBUDGET 0 201702 2920 {} 0.00
#PBUDGET 0 201703 2920 {} 0.00
#PBUDGET 0 201704 2920 {} 0.00
#PBUDGET 0 201705 2920 {} 0.00
#PBUDGET 0 201706 2920 {} 0.00
#PBUDGET 0 201707 2920 {} 0.00
#PBUDGET 0 201708 2920 {} 0.00
#PBUDGET 0 201709 2920 {} 0.00
#PBUDGET 0 201710 2920 {} -3600.00
#PBUDGET 0 201711 2920 {} 0.00
#PBUDGET 0 201712 2920 {} 0.00
#PBUDGET 0 201701 2941 {} 414.74
#PBUDGET 0 201702 2941 {} 0.00
#PBUDGET 0 201703 2941 {} 0.00
#PBUDGET 0 201704 2941 {} 0.00
#PBUDGET 0 201705 2941 {} 0.00
#PBUDGET 0 201706 2941 {} 0.00
#PBUDGET 0 201707 2941 {} 0.00
#PBUDGET 0 201708 2941 {} 0.00
#PBUDGET 0 201709 2941 {} 0.00
#PBUDGET 0 201710 2941 {} 0.12
#PBUDGET 0 201711 2941 {} 0.00
#PBUDGET 0 201712 2941 {} 0.00
#PBUDGET 0 201701 2999 {} -414.74
#PBUDGET 0 201702 2999 {} 0.00
#PBUDGET 0 201703 2999 {} 0.00
#PBUDGET 0 201704 2999 {} 0.00
#PBUDGET 0 201705 2999 {} 0.00
#PBUDGET 0 201706 2999 {} 0.00
#PBUDGET 0 201707 2999 {} 0.00
#PBUDGET 0 201708 2999 {} -37.00
#PBUDGET 0 201709 2999 {} 0.00
#PBUDGET 0 201710 2999 {} -1131.12
#PBUDGET 0 201711 2999 {} 0.00
#PBUDGET 0 201712 2999 {} 0.00
#PBUDGET 0 201701 3010 {} 0.00
#PBUDGET 0 201702 3010 {} 0.00
#PBUDGET 0 201703 3010 {} 0.00
#PBUDGET 0 201704 3010 {} 0.00
#PBUDGET 0 201705 3010 {} 0.00
#PBUDGET 0 201706 3010 {} 0.00
#PBUDGET 0 201707 3010 {} 0.00
#PBUDGET 0 201708 3010 {} -7320.00
#PBUDGET 0 201709 3010 {} 0.00
#PBUDGET 0 201710 3010 {} 0.00
#PBUDGET 0 201711 3010 {} -77744.80
#PBUDGET 0 201712 3010 {} 0.00
#PBUDGET 0 201701 3740 {} 0.00
#PBUDGET 0 201702 3740 {} 0.00
#PBUDGET 0 201703 3740 {} 0.00
#PBUDGET 0 201704 3740 {} 0.00
#PBUDGET 0 201705 3740 {} 0.00
#PBUDGET 0 201706 3740 {} 0.00
#PBUDGET 0 201707 3740 {} 0.00
#PBUDGET 0 201708 3740 {} -0.50
#PBUDGET 0 201709 3740 {} 0.22
#PBUDGET 0 201710 3740 {} 0.00
#PBUDGET 0 201711 3740 {} 0.00
#PBUDGET 0 201712 3740 {} 0.00
#PBUDGET 0 201701 3960 {} 0.00
#PBUDGET 0 201702 3960 {} 0.00
#PBUDGET 0 201703 3960 {} 0.00
#PBUDGET 0 201704 3960 {} 0.00
#PBUDGET 0 201705 3960 {} 0.00
#PBUDGET 0 201706 3960 {} 0.00
#PBUDGET 0 201707 3960 {} 0.00
#PBUDGET 0 201708 3960 {} -15.00
#PBUDGET 0 201709 3960 {} 0.00
#PBUDGET 0 201710 3960 {} 0.00
#PBUDGET 0 201711 3960 {} 0.00
#PBUDGET 0 201712 3960 {} 0.00
#PBUDGET 0 201701 6570 {} 0.00
#PBUDGET 0 201702 6570 {} 0.00
#PBUDGET 0 201703 6570 {} 0.00
#PBUDGET 0 201704 6570 {} 0.00
#PBUDGET 0 201705 6570 {} 0.00
#PBUDGET 0 201706 6570 {} 0.00
#PBUDGET 0 201707 6570 {} 0.00
#PBUDGET 0 201708 6570 {} 5.00
#PBUDGET 0 201709 6570 {} 0.00
#PBUDGET 0 201710 6570 {} 0.00
#PBUDGET 0 201711 6570 {} 0.00
#PBUDGET 0 201712 6570 {} 0.00
#PBUDGET 0 201701 7010 {} 10000.00
#PBUDGET 0 201702 7010 {} 0.00
#PBUDGET 0 201703 7010 {} 0.00
#PBUDGET 0 201704 7010 {} 0.00
#PBUDGET 0 201705 7010 {} 0.00
#PBUDGET 0 201706 7010 {} 0.00
#PBUDGET 0 201707 7010 {} 0.00
#PBUDGET 0 201708 7010 {} 0.00
#PBUDGET 0 201709 7010 {} 32383.78
#PBUDGET 0 201710 7010 {} 30000.00
#PBUDGET 0 201711 7010 {} 0.00
#PBUDGET 0 201712 7010 {} 54500.00
#PBUDGET 0 201701 7011 {} 10000.00
#PBUDGET 0 201702 7011 {} 0.00
#PBUDGET 0 201703 7011 {} 0.00
#PBUDGET 0 201704 7011 {} 0.00
#PBUDGET 0 201705 7011 {} 0.00
#PBUDGET 0 201706 7011 {} 0.00
#PBUDGET 0 201707 7011 {} 0.00
#PBUDGET 0 201708 7011 {} 0.00
#PBUDGET 0 201709 7011 {} 0.00
#PBUDGET 0 201710 7011 {} 0.00
#PBUDGET 0 201711 7011 {} 0.00
#PBUDGET 0 201712 7011 {} 0.00
#PBUDGET 0 201701 7090 {} 1320.00
#PBUDGET 0 201702 7090 {} 0.00
#PBUDGET 0 201703 7090 {} 0.00
#PBUDGET 0 201704 7090 {} 0.00
#PBUDGET 0 201705 7090 {} 0.00
#PBUDGET 0 201706 7090 {} 0.00
#PBUDGET 0 201707 7090 {} 0.00
#PBUDGET 0 201708 7090 {} 0.00
#PBUDGET 0 201709 7090 {} 0.00
#PBUDGET 0 201710 7090 {} 3600.00
#PBUDGET 0 201711 7090 {} 0.00
#PBUDGET 0 201712 7090 {} 0.00
#PBUDGET 0 201701 7321 {} 0.00
#PBUDGET 0 201702 7321 {} 0.00
#PBUDGET 0 201703 7321 {} 0.00
#PBUDGET 0 201704 7321 {} 0.00
#PBUDGET 0 201705 7321 {} 0.00
#PBUDGET 0 201706 7321 {} 0.00
#PBUDGET 0 201707 7321 {} 0.00
#PBUDGET 0 201708 7321 {} 0.00
#PBUDGET 0 201709 7321 {} 143.00
#PBUDGET 0 201710 7321 {} 0.00
#PBUDGET 0 201711 7321 {} 0.00
#PBUDGET 0 201712 7321 {} 0.00
#PBUDGET 0 201701 7510 {} 6284.00
#PBUDGET 0 201702 7510 {} 0.00
#PBUDGET 0 201703 7510 {} 0.00
#PBUDGET 0 201704 7510 {} 0.00
#PBUDGET 0 201705 7510 {} 0.00
#PBUDGET 0 201706 7510 {} 0.00
#PBUDGET 0 201707 7510 {} 0.00
#PBUDGET 0 201708 7510 {} 0.00
#PBUDGET 0 201709 7510 {} 10368.53
#PBUDGET 0 201710 7510 {} 9426.00
#PBUDGET 0 201711 7510 {} 0.00
#PBUDGET 0 201712 7510 {} 17123.90
#PBUDGET 0 201701 7519 {} 0.00
#PBUDGET 0 201702 7519 {} 0.00
#PBUDGET 0 201703 7519 {} 0.00
#PBUDGET 0 201704 7519 {} 0.00
#PBUDGET 0 201705 7519 {} 0.00
#PBUDGET 0 201706 7519 {} 0.00
#PBUDGET 0 201707 7519 {} 0.00
#PBUDGET 0 201708 7519 {} 0.00
#PBUDGET 0 201709 7519 {} 0.00
#PBUDGET 0 201710 7519 {} 1131.00
#PBUDGET 0 201711 7519 {} 0.00
#PBUDGET 0 201712 7519 {} 0.00
#PBUDGET 0 201701 7820 {} 1666.00
#PBUDGET 0 201702 7820 {} 1667.00
#PBUDGET 0 201703 7820 {} 1667.00
#PBUDGET 0 201704 7820 {} 1666.00
#PBUDGET 0 201705 7820 {} 1667.00
#PBUDGET 0 201706 7820 {} 1667.00
#PBUDGET 0 201707 7820 {} 1666.00
#PBUDGET 0 201708 7820 {} 1667.00
#PBUDGET 0 201709 7820 {} 1667.00
#PBUDGET 0 201710 7820 {} 1666.00
#PBUDGET 0 201711 7820 {} 1667.00
#PBUDGET 0 201712 7820 {} 1667.00
#PBUDGET 0 201701 7834 {} 1666.00
#PBUDGET 0 201702 7834 {} 1667.00
#PBUDGET 0 201703 7834 {} 1667.00
#PBUDGET 0 201704 7834 {} 1666.00
#PBUDGET 0 201705 7834 {} 1667.00
#PBUDGET 0 201706 7834 {} 1667.00
#PBUDGET 0 201707 7834 {} 1666.00
#PBUDGET 0 201708 7834 {} 1667.00
#PBUDGET 0 201709 7834 {} 1667.00
#PBUDGET 0 201710 7834 {} 1666.00
#PBUDGET 0 201711 7834 {} 1667.00
#PBUDGET 0 201712 7834 {} 1667.00
