; original: MAMUT_SIE3_EXPORT.SE | sietype: 3 | vendor: mamut | source: vendor-export
#FLAGGA	0
#PROGRAM	"Mamut Enterprise Byr†"	14.8407
#FORMAT	"PC8"
#SIETYP	3
#GEN	20101014	"mikaelb"
#FNAMN	"Mamut_SIE"
#FNR	2
#KPTYP	"EUBAS97"
#TAXAR	2011
#ADRESS	"Mamut_SIE"	"Kungsgatan 24"	"08-566 991 70"
#PROSA	"Exporterat av Mamut Enterprise Byr†"
#ORGNR	"555555-5555"

#OMFATTN	20101231

#RAR	0	20100101	20101231
#RAR	-1	20090101	20091231


#DIM	1	"Avdelning"
#DIM	6	"Projekt"
#OBJEKT	1	2	"F”rs„ljningsavdelning"
#OBJEKT	6	2	"Renovering  av uts„llningslokaler"
#OBJEKT	6	4	"Bergs pensionat"
#OBJEKT	6	5	"Mango Internetcafe"
#OBJEKT	6	8	"Annons Kv„llsposten 18/11"
#OBJEKT	6	9	"Annons Kv„llsposten 12/12"
#KONTO 1010 "Balanserade utgifter" 
#SRU 1010 0


#KONTO 1030 "Patent" 
#SRU 1030 0


#KONTO 1039 "Ack avskrivn patent" 
#SRU 1039 0


#KONTO 1060 "Hyresr„tt" 
#SRU 1060 0


#KONTO 1069 "Ack avskrivn hyresr„tt" 
#SRU 1069 0


#KONTO 1070 "Goodwill" 
#SRU 1070 0


#KONTO 1079 "Ack avskrivn goodwill" 
#SRU 1079 0


#KONTO 1100 "Byggnader" 
#SRU 1100 0


#KONTO 1119 "Ack avskrivn byggnader" 
#SRU 1119 0


#KONTO 1130 "Mark" 
#SRU 1130 0


#KONTO 1140 "Tomter, markomr, obebyggda" 
#SRU 1140 0


#KONTO 1150 "Markanl„ggningar" 
#SRU 1150 0


#KONTO 1159 "Ack avskrivn markanl„ggn" 
#SRU 1159 0


#KONTO 1211 "Arbetsmaskiner" 
#SRU 1211 0


#KONTO 1219 "Ack avskrivn arb.maskiner" 
#SRU 1219 0


#KONTO 1220 "Inventarier och verktyg" 
#SRU 1220 0


#KONTO 1221 "Inventarier" 
#SRU 1221 0


#KONTO 1222 "Byggnadsinventarier" 
#SRU 1222 0


#KONTO 1225 "Verktyg" 
#SRU 1225 0


#KONTO 1229 "Ack avskrivn inv/verktyg" 
#SRU 1229 0


#KONTO 1240 "Bilar och andra transportmedel" 
#SRU 1240 0


#KONTO 1241 "Personbilar" 
#SRU 1241 0


#KONTO 1242 "Lastbilar" 
#SRU 1242 0


#KONTO 1243 "Truckar" 
#SRU 1243 0


#KONTO 1244 "Arbetsmaskiner" 
#SRU 1244 0


#KONTO 1245 "Traktorer" 
#SRU 1245 0


#KONTO 1246 "Motorcyklar, mopeder och skotrar" 
#SRU 1246 0


#KONTO 1247 "B†tar" 
#SRU 1247 0


#KONTO 1248 "Flygplan och helikoptrar" 
#SRU 1248 0


#KONTO 1249 "Ack avskr bilar/transportmedel" 
#SRU 1249 0


#KONTO 1250 "Dator" 
#SRU 1250 0


#KONTO 1251 "Dator, f”retag" 
#SRU 1251 0


#KONTO 1257 "Datorer, personal" 
#SRU 1257 0


#KONTO 1259 "Ack avskr dator" 
#SRU 1259 0


#KONTO 1291 "Konst o ej avskrivn invent" 
#SRU 1291 0


#KONTO 1311 "Aktier sv dotterf”retag" 
#SRU 1311 0


#KONTO 1312 "Aktier utl dotterf”retag" 
#SRU 1312 0


#KONTO 1314 "Aktier/and ”vr utl konc.ftg" 
#SRU 1314 0


#KONTO 1330 "Aktier, andra sv f”retag" 
#SRU 1330 0


#KONTO 1350 "Aktier, andra utl f”retag" 
#SRU 1350 0


#KONTO 1354 "Obligationer, v„rdepapper" 
#SRU 1354 0


#KONTO 1360 "Finansiella instrument" 
#SRU 1360 0


#KONTO 1369 "V„rdereg finans instrument" 
#SRU 1369 0


#KONTO 1380 "L†ngfristiga fordringar" 
#SRU 1380 0


#KONTO 1382 "Fordringar hos anst„llda" 
#SRU 1382 0


#KONTO 1383 "Depositioner" 
#SRU 1383 0


#KONTO 1390 "V„rderegl l†ngfr fordr" 
#SRU 1390 0


#KONTO 1400 "Lager" 
#SRU 1400 0


#KONTO 1402 "Varor p† v„g" 
#SRU 1402 0


#KONTO 1440 "Produkter i arbete" 
#SRU 1440 0


#KONTO 1470 "P†g†ende arbete" 
#SRU 1470 0


#KONTO 1480 "F”rskott till leverant”r" 
#SRU 1480 0


#KONTO 1510 "Kundfordringar" 
#SRU 1510 0
#IB 0 1510       499499.43
#UB 0 1510       2310136.97
#IB -1 1510       0.00
#UB -1 1510       499499.43

#PSALDO 0 201001 1510 {} 902769.14
#PSALDO 0 201001 1510 {1 "2"} 2148941.57
#PSALDO 0 201001 1510 {6 "2"} 150000.00
#PSALDO 0 201001 1510 {1 "2"} 150000.00
#PSALDO 0 201002 1510 {} -792504.63
#PSALDO 0 201002 1510 {1 "2"} 1835703.01
#PSALDO 0 201002 1510 {6 "2"} 40153.25
#PSALDO 0 201002 1510 {1 "2"} 40153.25
#PSALDO 0 201003 1510 {} -177260.93
#PSALDO 0 201003 1510 {1 "2"} 1121559.33
#PSALDO 0 201004 1510 {} -360422.37
#PSALDO 0 201004 1510 {1 "2"} 1125326.26
#PSALDO 0 201005 1510 {} 994166.95
#PSALDO 0 201005 1510 {1 "2"} 1146957.58
#PSALDO 0 201006 1510 {} -166645.00
#PSALDO 0 201006 1510 {1 "2"} 1043155.00
#PSALDO 0 201006 1510 {6 "2"} 8650.00
#PSALDO 0 201006 1510 {1 "2"} 8650.00
#PSALDO 0 201007 1510 {} 241287.50
#PSALDO 0 201007 1510 {1 "2"} 912413.50
#PSALDO 0 201008 1510 {} 567800.00
#PSALDO 0 201008 1510 {1 "2"} 994864.50
#PSALDO 0 201009 1510 {} 132987.50
#PSALDO 0 201009 1510 {1 "2"} 1126059.38
#PSALDO 0 201010 1510 {} 656386.88
#PSALDO 0 201010 1510 {1 "2"} 1162832.76
#PSALDO 0 201011 1510 {} -602040.00
#PSALDO 0 201011 1510 {1 "2"} 1164216.50
#PSALDO 0 201011 1510 {6 "2"} 6125.00
#PSALDO 0 201011 1510 {1 "2"} 6125.00
#PSALDO 0 201012 1510 {} 414112.50
#PSALDO 0 201012 1510 {1 "2"} 1092367.51
#OUB 0 1510 {1 "2"} 1092367.51

#KONTO 1512 "Bel†nade fordringar" 
#SRU 1512 0


#KONTO 1513 "Kundfordringar - delad faktura" 
#SRU 1513 0


#KONTO 1515 "Os„kra kundfordringar" 
#SRU 1515 0


#KONTO 1580 "Kontokort och kuponger" 
#SRU 1580 0


#KONTO 1610 "F”rskott" 
#SRU 1610 0


#KONTO 1611 "Resef”rskott" 
#SRU 1611 0


#KONTO 1613 "™vriga f”rskott" 
#SRU 1613 0


#KONTO 1619 "™vr fordringar hos anst„llda" 
#SRU 1619 0


#KONTO 1630 "Avr„kn skatter och avgifter" 
#SRU 1630 0


#KONTO 1640 "Skattefordringar" 
#SRU 1640 0


#KONTO 1650 "Fordran moms" 
#SRU 1650 0


#KONTO 1680 "™vr kortfristiga fordr" 
#SRU 1680 0


#KONTO 1684 "Fordring hos leverant”r" 
#SRU 1684 0


#KONTO 1685 "Fordring hos n„rst†ende" 
#SRU 1685 0


#KONTO 1710 "F”rutbetalda hyror" 
#SRU 1710 0


#KONTO 1740 "F”rutbet r„nteutgifter" 
#SRU 1740 0


#KONTO 1750 "Upplupna hyresinkomster" 
#SRU 1750 0


#KONTO 1760 "Upplupna inkomstr„ntor" 
#SRU 1760 0


#KONTO 1790 "™vr interimsfordringar" 
#SRU 1790 0


#KONTO 1795 "Varer levererade, faktura ej skickad" 
#SRU 1795 0


#KONTO 1820 "Obligationer, v„rdepapper" 
#SRU 1820 0


#KONTO 1860 "Finansiella instrument" 
#SRU 1860 0


#KONTO 1869 "V„rderegl finans instr" 
#SRU 1869 0


#KONTO 1910 "Kassa" 
#SRU 1910 0
#IB 0 1910       132384.00
#UB 0 1910       132384.00
#IB -1 1910       0.00
#UB -1 1910       132384.00

#PSALDO 0 201001 1910 {} 0.00
#PSALDO 0 201002 1910 {} 0.00
#PSALDO 0 201003 1910 {} 0.00
#PSALDO 0 201004 1910 {} 0.00
#PSALDO 0 201005 1910 {} 0.00
#PSALDO 0 201006 1910 {} 0.00
#PSALDO 0 201007 1910 {} 0.00
#PSALDO 0 201008 1910 {} 0.00
#PSALDO 0 201009 1910 {} 0.00
#PSALDO 0 201010 1910 {} 0.00
#PSALDO 0 201011 1910 {} 0.00
#PSALDO 0 201012 1910 {} 0.00

#KONTO 1920 "Plusgiro" 
#SRU 1920 0
#IB 0 1920       4696879.00
#UB 0 1920       9984204.89
#IB -1 1920       0.00
#UB -1 1920       4696879.00

#PSALDO 0 201001 1920 {} 150437.75
#PSALDO 0 201002 1920 {} 944568.75
#PSALDO 0 201003 1920 {} 418769.38
#PSALDO 0 201004 1920 {} 93007.00
#PSALDO 0 201005 1920 {} 144140.63
#PSALDO 0 201006 1920 {} 291225.00
#PSALDO 0 201007 1920 {} 671126.00
#PSALDO 0 201008 1920 {} 427064.50
#PSALDO 0 201009 1920 {} 741921.88
#PSALDO 0 201010 1920 {} 96580.00
#PSALDO 0 201011 1920 {} 1175602.50
#PSALDO 0 201012 1920 {} 132882.50

#KONTO 1930 "Checkr„kningskonto" 
#SRU 1930 0
#IB 0 1930       6389604.00
#UB 0 1930       12391938.29
#IB -1 1930       100000.00
#UB -1 1930       6389604.00

#PSALDO 0 201001 1930 {} 61481.25
#PSALDO 0 201002 1930 {} 924761.14
#PSALDO 0 201003 1930 {} 880050.88
#PSALDO 0 201004 1930 {} 1396998.63
#PSALDO 0 201005 1930 {} 8650.00
#PSALDO 0 201006 1930 {} 927225.00
#PSALDO 0 201007 1930 {} 0.00
#PSALDO 0 201008 1930 {} 0.00
#PSALDO 0 201009 1930 {} 251150.00
#PSALDO 0 201010 1930 {} 409865.88
#PSALDO 0 201011 1930 {} 596779.00
#PSALDO 0 201012 1930 {} 545372.51

#KONTO 1940 "™vriga bankkonton" 
#SRU 1940 0


#KONTO 1950 "Kreditkort" 
#SRU 1950 0


#KONTO 2081 "Aktiekapital" 
#SRU 2081 0
#IB 0 2081       -100000.00
#UB 0 2081       -100000.00
#IB -1 2081       -100000.00
#UB -1 2081       -100000.00

#PSALDO 0 201001 2081 {} 0.00
#PSALDO 0 201002 2081 {} 0.00
#PSALDO 0 201003 2081 {} 0.00
#PSALDO 0 201004 2081 {} 0.00
#PSALDO 0 201005 2081 {} 0.00
#PSALDO 0 201006 2081 {} 0.00
#PSALDO 0 201007 2081 {} 0.00
#PSALDO 0 201008 2081 {} 0.00
#PSALDO 0 201009 2081 {} 0.00
#PSALDO 0 201010 2081 {} 0.00
#PSALDO 0 201011 2081 {} 0.00
#PSALDO 0 201012 2081 {} 0.00

#KONTO 2086 "Reservfond" 
#SRU 2086 0


#KONTO 2091 "Balanserad vinst/f”rlust" 
#SRU 2091 0


#KONTO 2094 "Egna aktier" 
#SRU 2094 0


#KONTO 2098 "Vinst/f”rlust f”reg †r" 
#SRU 2098 0


#KONTO 2099 "Redovisat resultat" 
#SRU 2099 0
#IB 0 2099       -9295293.93
#UB 0 2099       -9295293.93
#IB -1 2099       0.00
#UB -1 2099       0.00

#PSALDO 0 201001 2099 {} 0.00
#PSALDO 0 201002 2099 {} 0.00
#PSALDO 0 201003 2099 {} 0.00
#PSALDO 0 201004 2099 {} 0.00
#PSALDO 0 201005 2099 {} 0.00
#PSALDO 0 201006 2099 {} 0.00
#PSALDO 0 201007 2099 {} 0.00
#PSALDO 0 201008 2099 {} 0.00
#PSALDO 0 201009 2099 {} 0.00
#PSALDO 0 201010 2099 {} 0.00
#PSALDO 0 201011 2099 {} 0.00
#PSALDO 0 201012 2099 {} 0.00

#KONTO 2116 "Periodiseringsfond TAX 1996" 
#SRU 2116 0


#KONTO 2117 "Periodiseringsfond TAX 1997" 
#SRU 2117 0


#KONTO 2118 "Periodiseringsfond TAX 1998" 
#SRU 2118 0


#KONTO 2119 "Periodiseringsfond TAX 1999" 
#SRU 2119 0


#KONTO 2120 "Periodiseringsfond TAX 2000" 
#SRU 2120 0


#KONTO 2121 "Periodiseringsfond TAX 2001" 
#SRU 2121 0


#KONTO 2150 "Ack ”veravskrivningar" 
#SRU 2150 0


#KONTO 2151 "Ack ”veravskr imm anl.tillg" 
#SRU 2151 0


#KONTO 2152 "Ack ”veravskr p† byggn/markanl" 
#SRU 2152 0


#KONTO 2153 "Ack ”veravskr maskiner/inv" 
#SRU 2153 0


#KONTO 2190 "™vr obeskattade reserver" 
#SRU 2190 0


#KONTO 2195 "Valutakursreserv" 
#SRU 2195 0


#KONTO 2196 "Lagerreserv" 
#SRU 2196 0


#KONTO 2210 "Avsatt till pensioner" 
#SRU 2210 0


#KONTO 2211 "Avs„ttningar f”r PRI-pensioner" 
#SRU 2211 0


#KONTO 2219 "Avs„ttningar f”r ”vr pensioner" 
#SRU 2219 0


#KONTO 2220 "Garantiskulder" 
#SRU 2220 0


#KONTO 2280 "Avs„ttning, faktura ej mottagen" 
#SRU 2280 0


#KONTO 2330 "Checkr„kningskredit" 
#SRU 2330 0


#KONTO 2350 "Reversl†n" 
#SRU 2350 0


#KONTO 2355 "L†n i utl„ndsk valuta" 
#SRU 2355 0


#KONTO 2393 "L†n fr†n aktie„gare" 
#SRU 2393 0


#KONTO 2395 "Andra l†n i utl valuta" 
#SRU 2395 0


#KONTO 2399 "™vr l†ngfristiga skulder" 
#SRU 2399 0


#KONTO 2420 "F”rskott fr†n kunder" 
#SRU 2420 0


#KONTO 2440 "Leverant”rskulder" 
#SRU 2440 0
#IB 0 2440       0.00
#UB 0 2440       -312465.79
#UB -1 2440       0.00

#PSALDO 0 201001 2440 {} -54893.84
#PSALDO 0 201002 2440 {} 0.00
#PSALDO 0 201003 2440 {} -75033.00
#PSALDO 0 201004 2440 {} -4186.37
#PSALDO 0 201005 2440 {} 0.00
#PSALDO 0 201006 2440 {} 0.00
#PSALDO 0 201007 2440 {} 0.00
#PSALDO 0 201008 2440 {} -126375.00
#PSALDO 0 201008 2440 {6 "4"} -55625.00
#PSALDO 0 201008 2440 {1 "2"} -55625.00
#PSALDO 0 201008 2440 {6 "5"} -70750.00
#PSALDO 0 201008 2440 {1 "2"} -70750.00
#PSALDO 0 201009 2440 {} 0.00
#PSALDO 0 201010 2440 {} -1977.58
#PSALDO 0 201011 2440 {} -50000.00
#PSALDO 0 201011 2440 {1 "2"} -50000.00
#PSALDO 0 201012 2440 {} 0.00

#KONTO 2510 "Skatteskulder" 
#SRU 2510 0


#KONTO 2611 "Utg moms f”rs„ljning 25%" 
#SRU 2611 0
#IB 0 2611       -2086222.50
#UB 0 2611       -4705920.82
#IB -1 2611       0.00
#UB -1 2611       -1642725.40

#PSALDO 0 201001 2611 {} -222937.43
#PSALDO 0 201001 2611 {1 "2"} -429788.12
#PSALDO 0 201001 2611 {6 "2"} -30000.00
#PSALDO 0 201001 2611 {1 "2"} -30000.00
#PSALDO 0 201002 2611 {} -215124.75
#PSALDO 0 201002 2611 {1 "2"} -366300.50
#PSALDO 0 201002 2611 {6 "2"} -8030.65
#PSALDO 0 201002 2611 {1 "2"} -8030.65
#PSALDO 0 201003 2611 {} -224311.87
#PSALDO 0 201003 2611 {1 "2"} -224311.87
#PSALDO 0 201004 2611 {} -225916.26
#PSALDO 0 201004 2611 {1 "2"} -225065.01
#PSALDO 0 201005 2611 {} -229391.52
#PSALDO 0 201005 2611 {1 "2"} -229391.52
#PSALDO 0 201006 2611 {} -210361.00
#PSALDO 0 201006 2611 {1 "2"} -208631.00
#PSALDO 0 201006 2611 {6 "2"} -1730.00
#PSALDO 0 201006 2611 {1 "2"} -1730.00
#PSALDO 0 201007 2611 {} -182482.55
#PSALDO 0 201007 2611 {1 "2"} -182482.55
#PSALDO 0 201008 2611 {} -198972.90
#PSALDO 0 201008 2611 {1 "2"} -198972.90
#PSALDO 0 201009 2611 {} -225211.88
#PSALDO 0 201009 2611 {1 "2"} -225211.88
#PSALDO 0 201010 2611 {} -232566.51
#PSALDO 0 201010 2611 {1 "2"} -232566.51
#PSALDO 0 201011 2611 {} -234068.14
#PSALDO 0 201011 2611 {1 "2"} -232843.14
#PSALDO 0 201011 2611 {6 "2"} -1225.00
#PSALDO 0 201011 2611 {1 "2"} -1225.00
#PSALDO 0 201012 2611 {} -218353.51
#PSALDO 0 201012 2611 {1 "2"} -218353.51
#OUB 0 2611 {1 "2"} -218353.51

#KONTO 2612 "Utg moms egna uttag 25%" 
#SRU 2612 0


#KONTO 2613 "Utg moms uthyrning ored" 
#SRU 2613 0


#KONTO 2614 "Ber moms tjf”rv 25% utl" 
#SRU 2614 0


#KONTO 2615 "Ber moms varuf”rv" 
#SRU 2615 0


#KONTO 2617 "Utg moms omv„nd skattskyldighet Sverige 25%" 
#SRU 2617 0


#KONTO 2621 "Utg moms f”rs„ljning 12%" 
#SRU 2621 0


#KONTO 2622 "Utg moms egna uttag 12%" 
#SRU 2622 0


#KONTO 2623 "Utg moms f”r uthyrning 12%" 
#SRU 2623 0


#KONTO 2624 "Ber moms tjf”rv 12% utl" 
#SRU 2624 0


#KONTO 2625 "Ber moms varuf”rv fr†n EG-land 12%" 
#SRU 2625 0


#KONTO 2627 "Utg moms omv„nd skattskyldighet Sverige 12%" 
#SRU 2627 0


#KONTO 2631 "Utg moms f”rs„ljning 6%" 
#SRU 2631 0


#KONTO 2632 "Utg moms egna uttag 6%" 
#SRU 2632 0


#KONTO 2633 "Utg moms f”r uthyrning 6%" 
#SRU 2633 0


#KONTO 2634 "Ber moms tjf”rv 6% utl" 
#SRU 2634 0


#KONTO 2635 "Ber moms varuf”rv fr†n EG-land 6%" 
#SRU 2635 0


#KONTO 2637 "Utg moms omv„nd skattskyldighet Sverige 6%" 
#SRU 2637 0


#KONTO 2641 "Ing†ende moms" 
#SRU 2641 0
#IB 0 2641       0.00
#UB 0 2641       51514.29
#UB -1 2641       0.00

#PSALDO 0 201001 2641 {} 0.00
#PSALDO 0 201002 2641 {} 0.00
#PSALDO 0 201003 2641 {} 15006.50
#PSALDO 0 201004 2641 {} 837.27
#PSALDO 0 201005 2641 {} 0.00
#PSALDO 0 201006 2641 {} 0.00
#PSALDO 0 201007 2641 {} 0.00
#PSALDO 0 201008 2641 {} 25275.00
#PSALDO 0 201008 2641 {6 "4"} 11125.00
#PSALDO 0 201008 2641 {1 "2"} 11125.00
#PSALDO 0 201008 2641 {6 "5"} 14150.00
#PSALDO 0 201008 2641 {1 "2"} 14150.00
#PSALDO 0 201009 2641 {} 0.00
#PSALDO 0 201010 2641 {} 395.52
#PSALDO 0 201011 2641 {} 10000.00
#PSALDO 0 201011 2641 {6 "8"} 5000.00
#PSALDO 0 201011 2641 {6 "9"} 5000.00
#PSALDO 0 201012 2641 {} 0.00

#KONTO 2645 "Ing†ende moms utland" 
#SRU 2645 0


#KONTO 2646 "Ing†ende moms uth. verksamhetslokaler" 
#SRU 2646 0


#KONTO 2647 "Ing†ende moms omv„nd skattskyldighet Sverige" 
#SRU 2647 0


#KONTO 2648 "F”rdelningskonto 1" 
#SRU 2648 0


#KONTO 2649 "F”rdelningskonto 2 (motkontering)" 
#SRU 2649 0


#KONTO 2650 "Moms redovisningskonto" 
#SRU 2650 0
#IB 0 2650       -236850.00
#UB 0 2650       -236850.00
#IB -1 2650       0.00
#UB -1 2650       -680347.00

#PSALDO 0 201001 2650 {} 0.00
#PSALDO 0 201002 2650 {} 0.00
#PSALDO 0 201003 2650 {} 0.00
#PSALDO 0 201004 2650 {} 0.00
#PSALDO 0 201005 2650 {} 0.00
#PSALDO 0 201006 2650 {} 0.00
#PSALDO 0 201007 2650 {} 0.00
#PSALDO 0 201008 2650 {} 0.00
#PSALDO 0 201009 2650 {} 0.00
#PSALDO 0 201010 2650 {} 0.00
#PSALDO 0 201011 2650 {} 0.00
#PSALDO 0 201012 2650 {} 0.00

#KONTO 2660 "S„rskilda punktskatter" 
#SRU 2660 0


#KONTO 2710 "Personalens k„llskatt" 
#SRU 2710 0


#KONTO 2731 "Avr„kn sociala avgifter" 
#SRU 2731 0


#KONTO 2732 "Avr„kn s„rsk l”nesk pens" 
#SRU 2732 0


#KONTO 2750 "Utm„tning i l”n mm" 
#SRU 2750 0


#KONTO 2790 "™vriga l”neavdrag" 
#SRU 2790 0


#KONTO 2792 "L”nsparande" 
#SRU 2792 0


#KONTO 2793 "Kollektivf”rs„kring mm" 
#SRU 2793 0


#KONTO 2794 "Fackf”reningsavgifter" 
#SRU 2794 0


#KONTO 2795 "Granskningsavgifter" 
#SRU 2795 0


#KONTO 2840 "L†neskulder" 
#SRU 2840 0


#KONTO 2850 "Avr„kn skatter/avgifter" 
#SRU 2850 0


#KONTO 2890 "™vr kortfr skulder" 
#SRU 2890 0


#KONTO 2893 "Skulder n„rst†ende personer" 
#SRU 2893 0


#KONTO 2910 "Upplupna l”ner" 
#SRU 2910 0


#KONTO 2920 "Upplupna seml”ner" 
#SRU 2920 0


#KONTO 2921 "Upplupna soc.avg sem.l”n" 
#SRU 2921 0


#KONTO 2941 "Upplupna sociala avgifter" 
#SRU 2941 0


#KONTO 2950 "Upplupna avtalade soc avg" 
#SRU 2950 0


#KONTO 2960 "Upplupna utgiftsr„ntor" 
#SRU 2960 0


#KONTO 2970 "F”rutbetalda hyresinkomster" 
#SRU 2970 0


#KONTO 2990 "™vr interimsskulder" 
#SRU 2990 0


#KONTO 2995 "Skuld inkomna f”ljesedlar" 
#SRU 2995 0


#KONTO 2999 "™vr uppl kostn/f”rutbet int„kter" 
#SRU 2999 0


#KONTO 3020 "F”rs„ljning VMB varor" 
#SRU 3020 0


#KONTO 3028 "Positiv VM omf”ringskonto" 
#SRU 3028 0


#KONTO 3030 "Positiv VM" 
#SRU 3030 0


#KONTO 3041 "F”rs„ljn tj„nst 25% sv" 
#SRU 3041 0


#KONTO 3042 "F”rs„ljn tj„nst 12% sv" 
#SRU 3042 0


#KONTO 3043 "F”rs„ljn tj„nst 6% sv" 
#SRU 3043 0


#KONTO 3044 "F”rs„ljn tj„nst sv momsfri" 
#SRU 3044 0


#KONTO 3045 "F”rs„lj tj„nst utanf”r EU" 
#SRU 3045 0


#KONTO 3046 "F”rs„ljn tj„nst till EU" 
#SRU 3046 0


#KONTO 3048 "F”rs„ljn tj„nst EU momsfri" 
#SRU 3048 0


#KONTO 3051 "F”rs„ljn varor 25% sv" 
#SRU 3051 0
#RES 0 3051       -10478793.11
#RES -1 3051       -9292292.74

#PSALDO 0 201001 3051 {} -891749.71
#PSALDO 0 201001 3051 {1 "2"} -1719152.45
#PSALDO 0 201001 3051 {6 "2"} -120000.00
#PSALDO 0 201001 3051 {1 "2"} -120000.00
#PSALDO 0 201002 3051 {} -860499.01
#PSALDO 0 201002 3051 {1 "2"} -1465202.01
#PSALDO 0 201002 3051 {6 "2"} -32122.60
#PSALDO 0 201002 3051 {1 "2"} -32122.60
#PSALDO 0 201003 3051 {} -897247.46
#PSALDO 0 201003 3051 {1 "2"} -897247.46
#PSALDO 0 201004 3051 {} -903665.00
#PSALDO 0 201004 3051 {1 "2"} -900260.00
#PSALDO 0 201005 3051 {} -917566.06
#PSALDO 0 201005 3051 {1 "2"} -917566.06
#PSALDO 0 201006 3051 {} -841444.00
#PSALDO 0 201006 3051 {1 "2"} -834524.00
#PSALDO 0 201006 3051 {6 "2"} -6920.00
#PSALDO 0 201006 3051 {1 "2"} -6920.00
#PSALDO 0 201007 3051 {} -729930.22
#PSALDO 0 201007 3051 {1 "2"} -729930.22
#PSALDO 0 201008 3051 {} -795891.60
#PSALDO 0 201008 3051 {1 "2"} -795891.60
#PSALDO 0 201009 3051 {} -900847.50
#PSALDO 0 201009 3051 {1 "2"} -900847.50
#PSALDO 0 201010 3051 {} -930266.00
#PSALDO 0 201010 3051 {1 "2"} -930266.00
#PSALDO 0 201011 3051 {} -936272.55
#PSALDO 0 201011 3051 {1 "2"} -931372.55
#PSALDO 0 201011 3051 {6 "2"} -4900.00
#PSALDO 0 201011 3051 {1 "2"} -4900.00
#PSALDO 0 201012 3051 {} -873414.00
#PSALDO 0 201012 3051 {1 "2"} -873414.00
#OUB 0 3051 {1 "2"} -873414.00

#KONTO 3052 "F”rs„ljn varor 12% sv" 
#SRU 3052 0


#KONTO 3053 "F”rs„ljn varor 6% sv" 
#SRU 3053 0


#KONTO 3054 "F”rs„ljn varor sv momsfri" 
#SRU 3054 0
#RES 0 3054       -1800.00
#RES -1 3054       -3000.00

#PSALDO 0 201001 3054 {} 0.00
#PSALDO 0 201002 3054 {} -1200.00
#PSALDO 0 201002 3054 {1 "2"} -4200.00
#PSALDO 0 201003 3054 {} 0.00
#PSALDO 0 201004 3054 {} 0.00
#PSALDO 0 201005 3054 {} 0.00
#PSALDO 0 201006 3054 {} 0.00
#PSALDO 0 201007 3054 {} 0.00
#PSALDO 0 201008 3054 {} 0.00
#PSALDO 0 201009 3054 {} 0.00
#PSALDO 0 201010 3054 {} 0.00
#PSALDO 0 201011 3054 {} 0.00
#PSALDO 0 201012 3054 {} -600.00
#PSALDO 0 201012 3054 {1 "2"} -600.00
#OUB 0 3054 {1 "2"} -600.00

#KONTO 3055 "F”rs„ljn varor utanf”r EU" 
#SRU 3055 0


#KONTO 3056 "F”rs„ljn varor till EU" 
#SRU 3056 0


#KONTO 3058 "F”rs„ljn varor EU momsfri" 
#SRU 3058 0


#KONTO 3059 "Momspl uttag av fast.tj" 
#SRU 3059 0


#KONTO 3062 "F”rs varor n„rst f”retag" 
#SRU 3062 0


#KONTO 3066 "F”rs„ljn till n„rst†ende f”retag inom EU" 
#SRU 3066 0


#KONTO 3100 "Hyresint„kt skattepl" 
#SRU 3100 0


#KONTO 3231 "F”rs„ljning inom byggsektorn,omv„nd skattskyldighetmoms" 
#SRU 3231 0


#KONTO 3510 "Emballage" 
#SRU 3510 0


#KONTO 3520 "Frakter" 
#SRU 3520 0


#KONTO 3521 "Frakter export" 
#SRU 3521 0


#KONTO 3522 "Frakter EU" 
#SRU 3522 0


#KONTO 3530 "Fakt tull och spedition" 
#SRU 3530 0


#KONTO 3540 "Faktureringsavgifter" 
#SRU 3540 0


#KONTO 3541 "Faktureringsavgifter export" 
#SRU 3541 0


#KONTO 3542 "Faktureringsavgifter EU" 
#SRU 3542 0


#KONTO 3550 "Fakt resekostnader" 
#SRU 3550 0


#KONTO 3590 "™vr fakt kostnader" 
#SRU 3590 0


#KONTO 3610 "F”rs„ljning material" 
#SRU 3610 0


#KONTO 3731 "Kassarabatter" 
#SRU 3731 0


#KONTO 3736 "Kassarabatter export" 
#SRU 3736 0


#KONTO 3737 "Kassarabatter EU" 
#SRU 3737 0


#KONTO 3740 "™resutj„mning" 
#SRU 3740 0
#RES 0 3740       -0.98
#RES -1 3740       -1.29

#PSALDO 0 201001 3740 {} 3.81
#PSALDO 0 201001 3740 {1 "2"} -1.00
#PSALDO 0 201002 3740 {} -1.50
#PSALDO 0 201002 3740 {1 "2"} -0.50
#PSALDO 0 201003 3740 {} 0.50
#PSALDO 0 201004 3740 {} -2.00
#PSALDO 0 201004 3740 {1 "2"} -1.25
#PSALDO 0 201005 3740 {} 0.00
#PSALDO 0 201006 3740 {} 0.00
#PSALDO 0 201007 3740 {} -0.73
#PSALDO 0 201007 3740 {1 "2"} -0.73
#PSALDO 0 201008 3740 {} 0.00
#PSALDO 0 201009 3740 {} 0.00
#PSALDO 0 201010 3740 {} -0.25
#PSALDO 0 201010 3740 {1 "2"} -0.25
#PSALDO 0 201011 3740 {} -0.81
#PSALDO 0 201011 3740 {1 "2"} -0.81
#PSALDO 0 201012 3740 {} 0.00

#KONTO 3840 "Aktiverat arbete (material)" 
#SRU 3840 0


#KONTO 3850 "Aktiverat arbete (omkostnader)" 
#SRU 3850 0


#KONTO 3870 "Aktiverat arbete (l”ner)" 
#SRU 3870 0


#KONTO 3911 "Hyresint„kter" 
#SRU 3911 0


#KONTO 3921 "Provisionsint„kter" 
#SRU 3921 0


#KONTO 3950 "Źtervunna kundf”rluster" 
#SRU 3950 0


#KONTO 3960 "Kursvinst r”relsen" 
#SRU 3960 0


#KONTO 3970 "Vinst avyttr imm/mat anl.tillg" 
#SRU 3970 0


#KONTO 3972 "Vinst avyttr fastigheter" 
#SRU 3972 0


#KONTO 3973 "Vinst avyttr maskiner/inv" 
#SRU 3973 0


#KONTO 3985 "Erh†llna statliga bidrag" 
#SRU 3985 0


#KONTO 3987 "Erh†llna kommunala bidrag" 
#SRU 3987 0


#KONTO 3989 "™vriga erh†llna bidrag" 
#SRU 3989 0


#KONTO 3990 "™vriga sidint„kter" 
#SRU 3990 0


#KONTO 3994 "F”rs„kringsers„ttningar" 
#SRU 3994 0


#KONTO 4011 "Ink”p material och varor 25 %" 
#SRU 4011 0
#RES 0 4011       166057.16
#RES -1 4011       0.00

#PSALDO 0 201001 4011 {} 0.00
#PSALDO 0 201002 4011 {} 0.00
#PSALDO 0 201003 4011 {} 60026.00
#PSALDO 0 201004 4011 {} 3349.10
#PSALDO 0 201005 4011 {} 0.00
#PSALDO 0 201006 4011 {} 0.00
#PSALDO 0 201007 4011 {} 0.00
#PSALDO 0 201008 4011 {} 101100.00
#PSALDO 0 201008 4011 {6 "4"} 44500.00
#PSALDO 0 201008 4011 {1 "2"} 44500.00
#PSALDO 0 201008 4011 {6 "5"} 56600.00
#PSALDO 0 201008 4011 {1 "2"} 56600.00
#PSALDO 0 201009 4011 {} 0.00
#PSALDO 0 201010 4011 {} 1582.06
#PSALDO 0 201011 4011 {} 0.00
#PSALDO 0 201012 4011 {} 0.00

#KONTO 4012 "Ink”p material och varor 12 %" 
#SRU 4012 0


#KONTO 4013 "Ink”p material och varor 6 %" 
#SRU 4013 0


#KONTO 4015 "Ink”p material momsfritt" 
#SRU 4015 0
#RES 0 4015       54889.03
#RES -1 4015       0.00

#PSALDO 0 201001 4015 {} 54889.03
#PSALDO 0 201002 4015 {} 0.00
#PSALDO 0 201003 4015 {} 0.00
#PSALDO 0 201004 4015 {} 0.00
#PSALDO 0 201005 4015 {} 0.00
#PSALDO 0 201006 4015 {} 0.00
#PSALDO 0 201007 4015 {} 0.00
#PSALDO 0 201008 4015 {} 0.00
#PSALDO 0 201009 4015 {} 0.00
#PSALDO 0 201010 4015 {} 0.00
#PSALDO 0 201011 4015 {} 0.00
#PSALDO 0 201012 4015 {} 0.00

#KONTO 4020 "Ink”p VMB varor" 
#SRU 4020 0


#KONTO 4028 "Negativ VMB varor" 
#SRU 4028 0


#KONTO 4030 "Negativ VM" 
#SRU 4030 0


#KONTO 4055 "Trepartsf”rv varor fr EU" 
#SRU 4055 0


#KONTO 4056 "Ink”p varor 25% EU" 
#SRU 4056 0


#KONTO 4057 "Ink”p varor EU 12%" 
#SRU 4057 0


#KONTO 4058 "Ink”p varor EU 6%" 
#SRU 4058 0


#KONTO 4059 "Ink”p varor EU momsfri" 
#SRU 4059 0


#KONTO 4100 "Kostn uthyrn lokal sk.pl" 
#SRU 4100 0


#KONTO 4415 "Ink”pta varor i Sverige,omv„nd skattskyldighet, 25%" 
#SRU 4415 0


#KONTO 4416 "Ink”pta varor i Sverige,omv„nd skattskyldighet, 12%" 
#SRU 4416 0


#KONTO 4417 "Ink”pta varor i Sverige,omv„nd skattskyldighet, 6%" 
#SRU 4417 0


#KONTO 4425 "Ink”pta tj„nster i Sverige,omv„nd skattskyldighet, 25%" 
#SRU 4425 0


#KONTO 4426 "Ink”pta tj„nster i Sverige,omv„nd skattskyldighet, 12%" 
#SRU 4426 0


#KONTO 4427 "Ink”pta tj„nster i Sverige,omv„nd skattskyldighet, 6%" 
#SRU 4427 0


#KONTO 4600 "Legoarbeten, underentrepr" 
#SRU 4600 0


#KONTO 4731 "Erh†llna kassarabatter" 
#SRU 4731 0


#KONTO 4733 "Erh†llet aktivitetsst”d" 
#SRU 4733 0


#KONTO 4940 "F”r„ndr. produkter i arbete" 
#SRU 4940 0


#KONTO 4950 "F”r„ndr. lager f„rdigvaror" 
#SRU 4950 0


#KONTO 4970 "F”r„ndr. p†g arbete" 
#SRU 4970 0


#KONTO 4990 "Lagerf”r„ndring" 
#SRU 4990 0


#KONTO 5010 "Lokalhyra" 
#SRU 5010 0


#KONTO 5020 "El hyrd lokal" 
#SRU 5020 0


#KONTO 5030 "V„rme hyrd lokal" 
#SRU 5030 0


#KONTO 5050 "Lokaltillbeh”r hyrd lokal" 
#SRU 5050 0


#KONTO 5060 "St„dning, renh†llning hyrd lokal" 
#SRU 5060 0


#KONTO 5070 "Reparationer hyrd lokal" 
#SRU 5070 0


#KONTO 5090 "™vr kostnader hyrd lokal" 
#SRU 5090 0


#KONTO 5120 "Belysning" 
#SRU 5120 0


#KONTO 5130 "V„rme" 
#SRU 5130 0


#KONTO 5132 "Sotning" 
#SRU 5132 0


#KONTO 5140 "Vatten och avlopp" 
#SRU 5140 0


#KONTO 5160 "Renh†llning och st„dning" 
#SRU 5160 0


#KONTO 5170 "Rep och underh†ll" 
#SRU 5170 0


#KONTO 5191 "Fastighetsskatt" 
#SRU 5191 0


#KONTO 5192 "F”rs„kringsprem fastighet" 
#SRU 5192 0


#KONTO 5199 "™vr fastighetskostnader" 
#SRU 5199 0


#KONTO 5210 "Hyra arbetsmaskiner" 
#SRU 5210 0


#KONTO 5220 "Hyra inventarier" 
#SRU 5220 0


#KONTO 5310 "El f”r drift" 
#SRU 5310 0


#KONTO 5380 "Vatten" 
#SRU 5380 0


#KONTO 5390 "™vriga br„nslen" 
#SRU 5390 0


#KONTO 5410 "F”rbrukningsinventarier" 
#SRU 5410 0


#KONTO 5420 "Dataprogram" 
#SRU 5420 0


#KONTO 5460 "F”rbrukningsmaterial" 
#SRU 5460 0


#KONTO 5480 "Arbetskl„der o skyddsmtrl" 
#SRU 5480 0


#KONTO 5500 "Reparation och underh†ll" 
#SRU 5500 0


#KONTO 5611 "Drivmedel personbilar" 
#SRU 5611 0


#KONTO 5612 "Skatt f”rs„kr personbilar" 
#SRU 5612 0


#KONTO 5613 "Reparation personbilar" 
#SRU 5613 0


#KONTO 5615 "Leasingavg personbilar" 
#SRU 5615 0


#KONTO 5690 "™vr transportmedel" 
#SRU 5690 0


#KONTO 5710 "Frakt och transport" 
#SRU 5710 0


#KONTO 5720 "Tull- och speditionskost" 
#SRU 5720 0


#KONTO 5800 "Resekostnader" 
#SRU 5800 0


#KONTO 5910 "Annonsering" 
#SRU 5910 0
#RES 0 5910       40000.00
#RES -1 5910       0.00

#PSALDO 0 201001 5910 {} 0.00
#PSALDO 0 201002 5910 {} 0.00
#PSALDO 0 201003 5910 {} 0.00
#PSALDO 0 201004 5910 {} 0.00
#PSALDO 0 201005 5910 {} 0.00
#PSALDO 0 201006 5910 {} 0.00
#PSALDO 0 201007 5910 {} 0.00
#PSALDO 0 201008 5910 {} 0.00
#PSALDO 0 201009 5910 {} 0.00
#PSALDO 0 201010 5910 {} 0.00
#PSALDO 0 201011 5910 {} 40000.00
#PSALDO 0 201011 5910 {6 "8"} 20000.00
#PSALDO 0 201011 5910 {6 "9"} 20000.00
#PSALDO 0 201012 5910 {} 0.00

#KONTO 5930 "Reklamtrycksaker" 
#SRU 5930 0


#KONTO 5940 "Utst„llning och m„ssor" 
#SRU 5940 0


#KONTO 5990 "™vrig reklam" 
#SRU 5990 0


#KONTO 6010 "Kataloger och prislistor" 
#SRU 6010 0


#KONTO 6040 "Kontokortsavgifter" 
#SRU 6040 0


#KONTO 6050 "F”rs„ljningsprovision" 
#SRU 6050 0


#KONTO 6060 "Kreditf”rs„ljningskostnad" 
#SRU 6060 0


#KONTO 6071 "Repr avdr.gill" 
#SRU 6071 0


#KONTO 6072 "Repr ej avdr.gill" 
#SRU 6072 0


#KONTO 6080 "Bankgarantier" 
#SRU 6080 0


#KONTO 6090 "™vr f”rs„ljningskostnader" 
#SRU 6090 0


#KONTO 6110 "Kontorsmaterial" 
#SRU 6110 0


#KONTO 6150 "Trycksaker" 
#SRU 6150 0


#KONTO 6211 "Telefon" 
#SRU 6211 0


#KONTO 6212 "Mobiltelefon" 
#SRU 6212 0


#KONTO 6213 "Mobils”kning" 
#SRU 6213 0


#KONTO 6214 "Fax" 
#SRU 6214 0


#KONTO 6230 "Datakommunikation" 
#SRU 6230 0


#KONTO 6250 "Porto" 
#SRU 6250 0


#KONTO 6310 "F”retagsf”rs„kringar" 
#SRU 6310 0


#KONTO 6320 "Sj„lvrisker" 
#SRU 6320 0


#KONTO 6350 "Kundf”rluster" 
#SRU 6350 0


#KONTO 6390 "™vriga riskkostnader" 
#SRU 6390 0


#KONTO 6410 "Styrelsearvode" 
#SRU 6410 0


#KONTO 6420 "Revisionsarvode" 
#SRU 6420 0


#KONTO 6430 "Management fees" 
#SRU 6430 0


#KONTO 6440 "Źrsredovisn, del†rsrapporter" 
#SRU 6440 0


#KONTO 6450 "Bolagsst„mma" 
#SRU 6450 0


#KONTO 6490 "™vr f”rvaltningskostnader" 
#SRU 6490 0


#KONTO 6530 "Redovisningstj„nster" 
#SRU 6530 0


#KONTO 6540 "IT-tj„nster" 
#SRU 6540 0


#KONTO 6550 "Konsultarvoden" 
#SRU 6550 0


#KONTO 6570 "Bankkostnader" 
#SRU 6570 0


#KONTO 6580 "Advokatkostnader" 
#SRU 6580 0


#KONTO 6590 "™vr fr„mmande tj„nster" 
#SRU 6590 0


#KONTO 6800 "Inhyrd personal" 
#SRU 6800 0


#KONTO 6904 "Tj„nst f”rv utlandet" 
#SRU 6904 0


#KONTO 6909 "F”rdelade f”rv„rv" 
#SRU 6909 0


#KONTO 6970 "Tidningar, facklitteratur" 
#SRU 6970 0


#KONTO 6981 "F”reningsavg avdr gill" 
#SRU 6981 0


#KONTO 6982 "F”reningsavg ej avdr gill" 
#SRU 6982 0


#KONTO 6991 "™vr avdr gill kostn" 
#SRU 6991 0


#KONTO 6992 "™vr ej avdr gill kostn" 
#SRU 6992 0


#KONTO 6993 "L„mnade bidrag och g†vor" 
#SRU 6993 0


#KONTO 7010 "L”n kollektivanst„llda" 
#SRU 7010 0


#KONTO 7011 "L”ner till kollektivanst„llda" 
#SRU 7011 0


#KONTO 7012 "Vinstandelar till kollektivanst„llda" 
#SRU 7012 0


#KONTO 7014 "L”ner till kollektivanst„llda (65 †r)" 
#SRU 7014 0


#KONTO 7015 "L”ner till kollektivanst„llda (s„rskild l”neskatt)" 
#SRU 7015 0


#KONTO 7016 "Vinstandelar till kollektivanst„llda (s„rskild l”neskatt)" 
#SRU 7016 0


#KONTO 7017 "Avg†ngsvederlag till kollektivanst„llda" 
#SRU 7017 0


#KONTO 7081 "Sjukl”n kollektivanst„llda" 
#SRU 7081 0


#KONTO 7082 "Semesterl”n kollektivanst„llda" 
#SRU 7082 0


#KONTO 7090 "F”r„ndr sem l”neskuld" 
#SRU 7090 0


#KONTO 7210 "L”n tj„nstem„n" 
#SRU 7210 0


#KONTO 7211 "L”ner till tj„nstem„n" 
#SRU 7211 0


#KONTO 7212 "Vinstandelar till tj„nstem„n" 
#SRU 7212 0


#KONTO 7214 "L”ner till tj„nstem„n (65 †r)" 
#SRU 7214 0


#KONTO 7215 "L”ner till tj„nstem„n (s„rskild l”neskatt)" 
#SRU 7215 0


#KONTO 7216 "Vinstandelar till tj„nstem„n (s„rskild l”neskatt)" 
#SRU 7216 0


#KONTO 7217 "Avg†ngsvederlag till tj„nstem„n" 
#SRU 7217 0


#KONTO 7220 "L”n f”retagsledare" 
#SRU 7220 0


#KONTO 7221 "L”ner till styrelse och f”retagsledning" 
#SRU 7221 0


#KONTO 7222 "Tantiem till f”retagsledare" 
#SRU 7222 0


#KONTO 7223 "Gratifikationer till f”retagsledare" 
#SRU 7223 0


#KONTO 7224 "L”ner till f”retagsledare (65 †r)" 
#SRU 7224 0


#KONTO 7227 "Avg†ngsvederlag till f”retagsledare" 
#SRU 7227 0


#KONTO 7281 "Sjukl”n tj„nstem„n" 
#SRU 7281 0


#KONTO 7282 "Sjukl”ner till ftgledare" 
#SRU 7282 0


#KONTO 7285 "Semester l”n tj„nstem„n" 
#SRU 7285 0


#KONTO 7286 "Semesterl”n ftgledare" 
#SRU 7286 0


#KONTO 7290 "F”r„ndr sem l”neskuld" 
#SRU 7290 0


#KONTO 7300 "Kostnadsers„ttningar och f”rm†ner" 
#SRU 7300 0


#KONTO 7310 "Kontanta extra ers„ttn" 
#SRU 7310 0


#KONTO 7312 "Ers„ttningar f”r f”rlagsverksamhet och uppfinningar" 
#SRU 7312 0


#KONTO 7316 "Ers„ttningar f”r/bidrag till arbetskl„der" 
#SRU 7316 0


#KONTO 7318 "Felr„kningspengar" 
#SRU 7318 0


#KONTO 7319 "™vriga kontanta ers„ttningar" 
#SRU 7319 0


#KONTO 7321 "Skattefria trakt Sverige" 
#SRU 7321 0


#KONTO 7322 "Skattepl trakt Sverige" 
#SRU 7322 0


#KONTO 7323 "Skattefria trakt utland" 
#SRU 7323 0


#KONTO 7324 "Skattepl trakt utland" 
#SRU 7324 0


#KONTO 7331 "Skattefri bilers„ttning" 
#SRU 7331 0


#KONTO 7332 "Skattepl bilers„ttning" 
#SRU 7332 0


#KONTO 7381 "Kostn f”r fri bostad" 
#SRU 7381 0


#KONTO 7382 "Kostn fria/subv m†ltider" 
#SRU 7382 0


#KONTO 7385 "Kostn f”r fri bil" 
#SRU 7385 0


#KONTO 7389 "™vriga kostn naturaf”rm" 
#SRU 7389 0


#KONTO 7390 "™vr kostnadsers„ttningar" 
#SRU 7390 0


#KONTO 7411 "Kollektiv pensionsf”rs„kr" 
#SRU 7411 0


#KONTO 7412 "Indiv pensionsf”rs„kring" 
#SRU 7412 0


#KONTO 7490 "™vriga pensionsf”rs„kring" 
#SRU 7490 0


#KONTO 7510 "Arbetsgivaravgifter" 
#SRU 7510 0


#KONTO 7519 "Soc.avgifter semesterl”n" 
#SRU 7519 0


#KONTO 7531 "L”neskatt" 
#SRU 7531 0


#KONTO 7533 "S„rsk l”neskatt pensionsk" 
#SRU 7533 0


#KONTO 7570 "AMF enl avtal" 
#SRU 7570 0


#KONTO 7610 "Utbildning" 
#SRU 7610 0


#KONTO 7620 "Sjuk- och h„lsov†rd" 
#SRU 7620 0


#KONTO 7650 "Sjukl”nef”rs„kring" 
#SRU 7650 0


#KONTO 7690 "™vr personalkostnader" 
#SRU 7690 0


#KONTO 7813 "Avskrivningar patent" 
#SRU 7813 0


#KONTO 7816 "Avskrivningar hyresr„tt" 
#SRU 7816 0


#KONTO 7817 "Avskrivningar goodwill" 
#SRU 7817 0


#KONTO 7821 "Avskrivn byggnader" 
#SRU 7821 0


#KONTO 7822 "Avskrivn byggnadsinv" 
#SRU 7822 0


#KONTO 7824 "Avskrivn markanl„ggn" 
#SRU 7824 0


#KONTO 7831 "Avskrivn arbetsmaskiner" 
#SRU 7831 0


#KONTO 7832 "Avskrivn inventarier" 
#SRU 7832 0


#KONTO 7834 "Avskrivn bilar" 
#SRU 7834 0


#KONTO 7960 "Kursf”rluster" 
#SRU 7960 0


#KONTO 7972 "F”rlust avyttr fastigheter" 
#SRU 7972 0


#KONTO 7973 "F”rlust avyttr maskiner/inv" 
#SRU 7973 0


#KONTO 7974 "F”rlust avyttr aktier/andel" 
#SRU 7974 0


#KONTO 8012 "Utdeln sv/utl dotterbolag" 
#SRU 8012 0


#KONTO 8210 "Utdeln andra sv/utl f”retag" 
#SRU 8210 0


#KONTO 8230 "Valutakursdiff l†ngfr fordr" 
#SRU 8230 0


#KONTO 8270 "Nedskr andel/lf ford ”vr ftg" 
#SRU 8270 0


#KONTO 8280 "Źterf nedskr and/lf ford ” ftg" 
#SRU 8280 0


#KONTO 8300 "R„nteint„kter" 
#SRU 8300 0


#KONTO 8313 "R„nteint„kter kundfordringar" 
#SRU 8313 0


#KONTO 8331 "Valutakursvinster" 
#SRU 8331 0


#KONTO 8336 "Valutakursf”rluster" 
#SRU 8336 0


#KONTO 8390 "™vr finansiella int„kter" 
#SRU 8390 0


#KONTO 8400 "R„ntekostnader" 
#SRU 8400 0


#KONTO 8422 "R„ntekostnader levskulder" 
#SRU 8422 0


#KONTO 8431 "Valutakursvinster skulder" 
#SRU 8431 0


#KONTO 8436 "Valutakursf”rlust skulder" 
#SRU 8436 0


#KONTO 8490 "™vr finansiella kostnader" 
#SRU 8490 0


#KONTO 8811 "Avs„ttning per fond" 
#SRU 8811 0


#KONTO 8819 "Źterf”ring av per fond" 
#SRU 8819 0


#KONTO 8850 "Avskrivn ”ver/under plan" 
#SRU 8850 0


#KONTO 8896 "F”r„ndring lagerreserv" 
#SRU 8896 0


#KONTO 8897 "Źterf”ring av SURV" 
#SRU 8897 0


#KONTO 8910 "Źrets skattekostnad" 
#SRU 8910 0


#KONTO 8999 "Redovisat resultat" 
#SRU 8999 0


