; original: SIE_exempelfil.se | sietype: 4 | vendor: specter | source: unknown
#FLAGGA 0
#FORMAT PC8
#SIETYP 4
#PROGRAM "Specter Business Management" 3.61
#GEN 20110905
#FNAMN "SBMDEMO Lars" 
#FNR 963
#ORGNR  
#ADRESS "" "Storgatan 45" "57899 Sk”vde"  


#RAR 0 20110101 20111231
#RAR -1 20100101 20101231


#KONTO 1010 "Balanserade utgifter" 
#KONTO 1011 "Bal utgifter forskning/utveckling" 
#KONTO 1012 "Balanserade utgifter programvaror" 
#KONTO 1018 "Ack nedskrivningar balanserade utgifter" 
#KONTO 1030 "Patent" 
#KONTO 1039 "Ack avskrivn patent" 
#KONTO 1060 "Hyresr„tter" 
#KONTO 1068 "Ack nedskrivningar hyresr„tter" 
#KONTO 1069 "Ack avskrivningar hyresr„tter" 
#KONTO 1070 "Goodwill" 
#KONTO 1078 "Ack nedskrivningar goodwill" 
#KONTO 1079 "Ack avskrivningar goodwill" 
#KONTO 1090 "™vr immateriella anl„ggningstillg†ngar" 
#KONTO 1098 "Ack nedskr ”vr immateriella anl tillg" 
#KONTO 1099 "Ack avskr ”vr immateriella anl tillg" 
#KONTO 1110 "Byggnader" 
#KONTO 1119 "Ack avskrivningar byggnader" 
#KONTO 1130 "Mark" 
#KONTO 1140 "Tomter, markomr obebyggda" 
#KONTO 1150 "Markanl„ggningar" 
#KONTO 1159 "Ack avskrivningar p† markanl„ggningar" 
#KONTO 1210 "Maskiner och andra tekniska anl„ggningar" 
#KONTO 1211 "Maskiner" 
#KONTO 1219 "Ack avskrivningar maskiner" 
#KONTO 1220 "Inventarier och verktyg" 
#KONTO 1221 "Inventarier" 
#KONTO 1222 "Byggnadsinventarier" 
#KONTO 1223 "Markinventarier" 
#KONTO 1225 "Verktyg" 
#KONTO 1229 "Ack avskrivningar inventarier/verktyg" 
#KONTO 1240 "Bilar och andra transportmedel" 
#KONTO 1241 "Personbilar" 
#KONTO 1242 "Lastbilar" 
#KONTO 1243 "Truckar" 
#KONTO 1244 "Arbetsmaskiner" 
#KONTO 1245 "Traktorer" 
#KONTO 1246 "Motorcyklar, mopeder och skotrar" 
#KONTO 1247 "B†tar" 
#KONTO 1248 "Flygplan och helikoptrar" 
#KONTO 1249 "Ack avskr bilar/andra transportmedel" 
#KONTO 1250 "Datorer" 
#KONTO 1251 "Datorer, f”retaget" 
#KONTO 1257 "Datorer, personal" 
#KONTO 1259 "Ack avskrivningar p† datorer" 
#KONTO 1291 "Konst och liknande tillg†ngar" 
#KONTO 1311 "Aktier sv dotterf”retag" 
#KONTO 1312 "Aktier utl dotterf”retag" 
#KONTO 1314 "Aktier/and ”vr utl konc.ftg" 
#KONTO 1330 "Aktier, andra sv f”retag" 
#KONTO 1350 "Andelar och v„rdepapper i andra f”retag" 
#KONTO 1354 "Obligationer, v„rdepapper" 
#KONTO 1360 "Finansiella instrument" 
#KONTO 1369 "V„rdereg finans instrument" 
#KONTO 1370 "Uppskjuten skattefordran" 
#KONTO 1380 "Andra l†ngfristiga fordringar" 
#KONTO 1382 "Fordringar hos anst„llda" 
#KONTO 1383 "Depositioner" 
#KONTO 1390 "Ack nedskr v„rdepapper/l†ngfr fordringar" 
#KONTO 1400 "Lager" 
#KONTO 1402 "Varor p† v„g" 
#KONTO 1410 "Lager av r†varor" 
#KONTO 1440 "Produkter i arbete" 
#KONTO 1470 "P†g†ende arbeten" 
#KONTO 1480 "F”rskott till leverant”r" 
#KONTO 1490 "F”r„ndr lager/prod i arbete/p†g arbeten" 
#KONTO 1510 "Kundfordringar" 
#KONTO 1512 "Bel†nade fordringar" 
#KONTO 1515 "Os„kra kundfordringar" 
#KONTO 1518 "Ej reskontraf”rda kundfordringar" 
#KONTO 1580 "Fordringar f”r kontokort och kuponger" 
#KONTO 1610 "Kortfristiga fordringar hos anst„llda" 
#KONTO 1611 "Resef”rskott" 
#KONTO 1613 "™vriga f”rskott" 
#KONTO 1619 "™vr fordringar hos anst„llda" 
#KONTO 1630 "Skattekonto" 
#KONTO 1640 "Skattefordringar" 
#KONTO 1650 "Momsfordran" 
#KONTO 1660 "Kortfristiga fordringar koncernf”retag" 
#KONTO 1661 "Kortfristiga fordringar hos moderf”retag" 
#KONTO 1662 "Kortfristiga fordringar dotterf”retag" 
#KONTO 1663 "Kortfr fordringar andra koncernf”retag" 
#KONTO 1670 "Kortfristiga fordringar intressef”retag" 
#KONTO 1680 "Andra kortfristiga fordringar" 
#KONTO 1684 "Fordring hos leverant”r" 
#KONTO 1685 "Fordring hos n„rst†ende" 
#KONTO 1690 "Nedskr kortfr fordringar (of”rdelade)" 
#KONTO 1700 "F”rutbet kostnader/upplupna int„kter" 
#KONTO 1710 "F”rutbetalda hyror" 
#KONTO 1730 "F”rutbet f”rs„kringspremier" 
#KONTO 1740 "F”rutbet r„nteutgifter" 
#KONTO 1750 "Upplupna hyresinkomster" 
#KONTO 1760 "Upplupna inkomstr„ntor" 
#KONTO 1790 "™vr interimsfordringar" 
#KONTO 1799 "OBSERVATIONSKONTO" 
#KONTO 1820 "Obligationer, v„rdepapper" 
#KONTO 1860 "Finansiella instrument" 
#KONTO 1869 "V„rderegl finans instr" 
#KONTO 1910 "Kassa" 
#KONTO 1911 "Kontanter" 
#KONTO 1915 "PRESENTKORT" 
#KONTO 1920 "Plusgiro" 
#KONTO 1930 "Checkr„kningskonto" 
#KONTO 1931 "SPARKONTO" 
#KONTO 1940 "Bank" 
#KONTO 2010 "Eget kapital, del„gare 1" 
#KONTO 2011 "Egna varuuttag" 
#KONTO 2012 "AVR SKATTER" 
#KONTO 2013 "™vriga egna uttag/ins„ttn." 
#KONTO 2016 "F”r„ndring i fond f”r verkligt v„rde" 
#KONTO 2017 "Źrets kapitaltillskott" 
#KONTO 2018 "™vriga egna ins„ttningar" 
#KONTO 2019 "Źrets resultat, del„gare 1" 
#KONTO 2020 "Eget kapital, del„gare 2-4" 
#KONTO 2050 "Avs„ttning till expansionsfond" 
#KONTO 2081 "Aktiekapital" 
#KONTO 2086 "Reservfond" 
#KONTO 2091 "Balanserad vinst eller f”rlust" 
#KONTO 2094 "Egna aktier" 
#KONTO 2098 "Vinst eller f”rlust fr†n f”reg†ende †r" 
#KONTO 2099 "Źrets resultat" 
#KONTO 2117 "Periodiseringsfond TAX 97" 
#KONTO 2118 "Periodiseringsfond TAX 98" 
#KONTO 2119 "Periodiseringsfond TAX 99" 
#KONTO 2120 "Periodiseringsfond TAX 2000" 
#KONTO 2121 "Periodiseringsfond TAX 2001" 
#KONTO 2122 "Periodiseringsfond TAX 2002" 
#KONTO 2123 "Periodiseringsfond tax 2003" 
#KONTO 2124 "Periodiseringsfond tax 2004" 
#KONTO 2125 "Periodiseringsfond tax 2005" 
#KONTO 2126 "Periodiseringsfond tax 2006" 
#KONTO 2127 "Periodiseringsfond tax 2007" 
#KONTO 2128 "Periodiseringsfond tax 2008" 
#KONTO 2129 "Periodiseringsfond tax 2009" 
#KONTO 2150 "Ackumulerade ”veravskrivningar" 
#KONTO 2151 "Ack ”veravskr imm anl.tillg" 
#KONTO 2152 "Ack ”veravskr p† byggn/markanl" 
#KONTO 2153 "Ack ”veravskr maskiner/inv" 
#KONTO 2190 "™vr obeskattade reserver" 
#KONTO 2195 "Valutakursreserv" 
#KONTO 2196 "Lagerreserv" 
#KONTO 2199 "™vriga obeskattade reserver" 
#KONTO 2210 "Avsatt till pensioner" 
#KONTO 2211 "Avs„ttningar f”r PRI-pensioner" 
#KONTO 2219 "Avs„ttningar f”r ”vr pensioner" 
#KONTO 2220 "Garantiskulder" 
#KONTO 2330 "Checkr„kningskredit" 
#KONTO 2350 "Andra l†ngfr skulder kreditinstitut" 
#KONTO 2355 "L†n i utl„ndsk valuta" 
#KONTO 2391 "Avbetalningskontrakt, l†ngfristig del" 
#KONTO 2393 "L†n n„rst†ende personer, l†ngfr del" 
#KONTO 2395 "Andra l†n i utl valuta" 
#KONTO 2399 "™vriga l†ngfristiga skulder" 
#KONTO 2410 "Kortfr l†neskulder till kreditinstitut" 
#KONTO 2420 "F”rskott fr†n kunder" 
#KONTO 2421 "Ej inl”sta presentkort" 
#KONTO 2429 "™vriga f”rskott fr†n kunder" 
#KONTO 2431 "P†g†ende arbeten, fakturering" 
#KONTO 2438 "P†g†ende arbeten, nedlagda kostnader" 
#KONTO 2439 "Ber„knad f”r„ndring av p†g†ende arbeten" 
#KONTO 2440 "Leverant”rsskulder" 
#KONTO 2448 "Ej reskontraf”rda leverant”rsskulder" 
#KONTO 2490 "™vr kortfristiga skulder" 
#KONTO 2510 "Skatteskulder" 
#KONTO 2610 "Utg†ende moms 25%" 
#KONTO 2611 "Utg†ende moms 25%" 
#KONTO 2612 "Utg†ende moms p† egna uttag 25%" 
#KONTO 2613 "Utg†ende moms f”r uthyrning 25%" 
#KONTO 2614 "Ber utg moms tj„nstef”rv„rv utlandet 25%" 
#KONTO 2615 "Ber utg moms varuf”rv„rv EU-land 25%" 
#KONTO 2616 "Utg moms VMB 25%" 
#KONTO 2617 "Utg moms omv skattskyldighet i Sv 25%" 
#KONTO 2618 "Vilande utg†ende moms 25%" 
#KONTO 2619 "Utg moms EU-land" 
#KONTO 2620 "Utg†ende moms 12%" 
#KONTO 2621 "Utg†ende moms 12%" 
#KONTO 2622 "Utg†ende moms p† egna uttag 12%" 
#KONTO 2623 "Utg†ende moms f”r uthyrning 12%" 
#KONTO 2624 "Ber utg moms tj„nstef”rv„rv utlandet 12%" 
#KONTO 2625 "Ber utg moms varuf”rv„rv EU-land 12%" 
#KONTO 2626 "Utg†ende moms VMB 12%" 
#KONTO 2627 "Utg moms omv skattskyldighet i Sv 12%" 
#KONTO 2628 "Vilande utg†ende moms 12%" 
#KONTO 2630 "Utg†ende moms 6%" 
#KONTO 2631 "Utg†ende moms 6%" 
#KONTO 2632 "Utg†ende moms p† egna uttag 6%" 
#KONTO 2633 "Utg†ende moms f”r uthyrning 6%" 
#KONTO 2634 "Ber utg moms tj„nstef”rv„rv utlandet 6%" 
#KONTO 2635 "Ber utg moms varuf”rv„rv EU-land 6%" 
#KONTO 2636 "Utg†ende moms VMB 6%" 
#KONTO 2637 "Utg moms omv skattskyldighet i Sv 6%" 
#KONTO 2638 "Vilande utg†ende moms 6%" 
#KONTO 2640 "Ing†ende moms" 
#KONTO 2641 "Debiterad ing†ende moms" 
#KONTO 2642 "Deb ing moms frivillig skattskyldighet" 
#KONTO 2645 "Ber ing moms p† f”rv„rv fr†n utlandet" 
#KONTO 2646 "Ing†ende moms p† uthyrning" 
#KONTO 2647 "Ing moms omv skattskyldighet i Sv" 
#KONTO 2648 "Vilande ing†ende moms" 
#KONTO 2649 "Ing†ende moms, blandad verksamhet" 
#KONTO 2650 "Redovisningskonto f”r moms" 
#KONTO 2651 "Avvikande momsregistreringar" 
#KONTO 2660 "S„rskilda punktskatter" 
#KONTO 2661 "Reklamskatt" 
#KONTO 2710 "Personalskatt" 
#KONTO 2730 "Lagstadgade sociala avgifter/l”neskatt" 
#KONTO 2731 "Avr„kn sociala avgifter" 
#KONTO 2732 "Avr„kn s„rsk l”nesk pens" 
#KONTO 2750 "Utm„tning i l”n m m" 
#KONTO 2760 "Semestermedel" 
#KONTO 2790 "™vriga l”neavdrag" 
#KONTO 2792 "L”nsparande" 
#KONTO 2793 "Kollektivf”rs„kring mm" 
#KONTO 2794 "Fackf”reningsavgifter" 
#KONTO 2795 "Granskningsavgifter" 
#KONTO 2840 "Kortfristiga l†neskulder" 
#KONTO 2850 "Avr„kn skatter/avgifter" 
#KONTO 2890 "™vriga kortfristiga skulder" 
#KONTO 2893 "Skulder n„rst†ende personer" 
#KONTO 2910 "Upplupna l”ner" 
#KONTO 2920 "Upplupna semesterl”ner" 
#KONTO 2921 "Upplupna soc.avg sem.l”n" 
#KONTO 2940 "Upplupna lagstadgade sociala avgifter" 
#KONTO 2941 "Upplupna sociala avgifter" 
#KONTO 2950 "Upplupna avtalade soc avg" 
#KONTO 2960 "Upplupna utgiftsr„ntor" 
#KONTO 2970 "F”rutbetalda hyresinkomster" 
#KONTO 2971 "Testkonto" 
#KONTO 2990 "™vr upplupna kostn/f”rutbetalda int„kter" 
#KONTO 2995 "Skuld inkomna f”ljesedlar" 
#KONTO 2999 "™vr uppl kostn/f”rutbet int„kter" 
#KONTO 3001 "F”rs„ljning varor, 25% moms" 
#KONTO 3002 "F”rs„ljning varor, 12% moms" 
#KONTO 3003 "F”rs„ljning varor, 6% moms" 
#KONTO 3004 "F”rs„ljning varor, momsfri" 
#KONTO 3005 "F”rs„ljning varor, utanf”r EU" 
#KONTO 3006 "F”rs„ljning varor EU-land momspliktig" 
#KONTO 3007 "F”rs„ljning varor, EU-land, mellanman" 
#KONTO 3008 "F”rs„ljning varor, EU-land" 
#KONTO 3011 "FSG 25% MOMS" 
#KONTO 3014 "FSG TIDNING 6%" 
#KONTO 3020 "F”rs„ljning VMB varor" 
#KONTO 3028 "Positiv VM omf”ringskonto" 
#KONTO 3030 "Positiv VM" 
#KONTO 3041 "F”rs„ljn tj„nst 25% sv" 
#KONTO 3042 "F”rs„ljn tj„nst 12% sv" 
#KONTO 3043 "F”rs„ljn tj„nst 6% sv" 
#KONTO 3044 "F”rs„ljn tj„nst sv momsfri" 
#KONTO 3045 "F”rs„lj tj„nst utanf”r EU" 
#KONTO 3046 "F”rs„ljn tj„nst till EU" 
#KONTO 3048 "F”rs„ljn tj„nst EU momsfri" 
#KONTO 3051 "F”rs„ljn varor 25% sv" 
#KONTO 3052 "F”rs„ljn varor 12% sv" 
#KONTO 3053 "F”rs„ljn varor 6% sv" 
#KONTO 3054 "F”rs„ljn varor sv momsfri" 
#KONTO 3055 "F”rs„ljn varor utanf”r EU" 
#KONTO 3056 "F”rs„ljn varor till EU" 
#KONTO 3058 "F”rs„ljn varor EU momsfri" 
#KONTO 3059 "Momspl uttag av fast.tj" 
#KONTO 3062 "F”rs varor n„rst f”retag" 
#KONTO 3100 "Hyresint„kt skattepl" 
#KONTO 3220 "F”rs„ljning VMB f”renklad 25%" 
#KONTO 3231 "F”rs„ljning inom byggsektorn, omv skattsk" 
#KONTO 3232 "F”rs„ljning investeringsguld, omv skattsk" 
#KONTO 3233 "Utl f”retagares f”rs„ljning, omv skattsk" 
#KONTO 3259 "Momspliktiga uttag, 25%" 
#KONTO 3301 "F”rs„ljning tj„nster, oreducerad" 
#KONTO 3302 "F”rs„ljning tj„nster, reducerad 1" 
#KONTO 3303 "F”rs„ljning tj„nster, reducerad 2" 
#KONTO 3304 "F”rs„ljning tj„nster, momsfri" 
#KONTO 3305 "™vr f”rs„ljning tj„nster utom landet" 
#KONTO 3306 "F”rs„ljning tj„nster, EU-land momspliktig" 
#KONTO 3308 "F”rs„ljning tj„nster, k”pare skattsk EG-land" 
#KONTO 3500 "Fakturerade kostnader" 
#KONTO 3510 "Emballage" 
#KONTO 3520 "Fakturerade frakter" 
#KONTO 3521 "Fakturerade frakter, EU-land" 
#KONTO 3522 "Fakturerade frakter, export" 
#KONTO 3530 "Fakt tull och spedition" 
#KONTO 3540 "Faktureringsavgifter" 
#KONTO 3541 "Faktureringsavgifter, EU-land" 
#KONTO 3542 "Faktureringsavgifter, export" 
#KONTO 3550 "Fakt resekostnader" 
#KONTO 3590 "™vr fakt kostnader" 
#KONTO 3610 "F”rs„ljning material" 
#KONTO 3670 "F”rs„ljning v„rdepapper" 
#KONTO 3690 "™vriga sidoint„ker" 
#KONTO 3731 "L„mnade kassarabatter" 
#KONTO 3736 "Kassarabatter export" 
#KONTO 3737 "Kassarabatter EU" 
#KONTO 3740 "™res- och kronutj„mning" 
#KONTO 3751 "Int„ktsf”rda punktskatter (kreditkonto)" 
#KONTO 3752 "Skuldf”rda punktskatter (debetkonto)" 
#KONTO 3790 "™vriga int„kskorrigeringar" 
#KONTO 3800 "Aktiverat arbete egen r„kning" 
#KONTO 3840 "Aktiverat arbete (material)" 
#KONTO 3850 "Aktiverat arbete (omkostnader)" 
#KONTO 3870 "Aktiverat arbete (l”ner)" 
#KONTO 3910 "Hyres- och arrendeint„kter" 
#KONTO 3911 "Hyresint„kter" 
#KONTO 3921 "Provisionsint„kter" 
#KONTO 3950 "Źtervunna, tidigare avskr kundfordringar" 
#KONTO 3960 "Valutakursvinster p† fordringar/skulder" 
#KONTO 3970 "Vinst avyttr im-/materiella anl„ggn" 
#KONTO 3972 "Vinst avyttr fastigheter" 
#KONTO 3973 "Vinst avyttr maskiner/inv" 
#KONTO 3980 "Erh†llna bidrag" 
#KONTO 3985 "Erh†llna statliga bidrag" 
#KONTO 3987 "Erh†llna kommunala bidrag" 
#KONTO 3989 "™vriga erh†llna bidrag" 
#KONTO 3990 "™vriga ers„ttningar och int„kter" 
#KONTO 3994 "F”rs„kringsers„ttningar" 
#KONTO 4010 "Ink”p varor och material" 
#KONTO 4020 "Ink”p VMB varor" 
#KONTO 4028 "Negativ VM omf”ringskonto" 
#KONTO 4030 "Negativ VM" 
#KONTO 4055 "Trepartsf”rv varor fr EU" 
#KONTO 4056 "Ink”p varor 25% EU" 
#KONTO 4057 "Ink”p varor 12% EU" 
#KONTO 4058 "Ink”p varor EU momsfri" 
#KONTO 4090 "Lagerf”r„ndring" 
#KONTO 4100 "Kostn uthyrn lokal sk.pl" 
#KONTO 4415 "Ink”p varor, omv„nd skattsk, 25%" 
#KONTO 4416 "Ink”p varor, omv„nd skattsk, 12%" 
#KONTO 4417 "Ink”p varor, omv„nd skattsk, 6%" 
#KONTO 4420 "Ink”p tj„nster, omv„nd skattsk" 
#KONTO 4425 "Ink”p tj„nster, omv„nd skattsk, 25%" 
#KONTO 4426 "Ink”p tj„nster, omv„nd skattsk, 12%" 
#KONTO 4427 "Ink”p tj„nster, omv„nd skattsk, 6%" 
#KONTO 4511 "Import varor fr†n land utanf”r EU" 
#KONTO 4512 "Import varor, trepartsf”rv„rv, mellanman" 
#KONTO 4515 "Import varor EU, 25%" 
#KONTO 4516 "Import varor EU, 12%" 
#KONTO 4517 "Import varor EU, 6%" 
#KONTO 4518 "Import varor EU, momsfri" 
#KONTO 4531 "Import tj„nster utanf”r EU, 25%" 
#KONTO 4532 "Import tj„nster utanf”r EU, 12%" 
#KONTO 4533 "Import tj„nster utanf”r EU, 6%" 
#KONTO 4535 "F”rv„rv tj„nster EU, 25%" 
#KONTO 4536 "F”rv„rv tj„nster EU, 12%" 
#KONTO 4537 "F”rv„rv tj„nster EU, 6%" 
#KONTO 4538 "F”rv„rv tj„nster EU, momsfri" 
#KONTO 4600 "Legoarbeten och underentreprenader" 
#KONTO 4700 "Reduktion av ink”pspriser" 
#KONTO 4731 "Erh†llna kassarabatter" 
#KONTO 4733 "Erh†llet aktivitetsst”d" 
#KONTO 4900 "F”r„ndring av lager" 
#KONTO 4940 "F”r„ndring av produkter i arbete" 
#KONTO 4950 "F”r„ndr lager f„rdigvaror" 
#KONTO 4970 "F”r„ndr p†g arbeten, nedlagda kostnader" 
#KONTO 4990 "F”r„ndring lager/p†g arbeten (of”rdelad)" 
#KONTO 5000 "Lokalkostnader" 
#KONTO 5010 "Lokalhyra" 
#KONTO 5020 "El f”r belysning" 
#KONTO 5030 "V„rme" 
#KONTO 5040 "Vatten och avlopp" 
#KONTO 5050 "Lokaltillbeh”r hyrd lokal" 
#KONTO 5060 "St„dning och renh†llning" 
#KONTO 5070 "Reparation och underh†ll av lokaler" 
#KONTO 5090 "™vriga lokalkostnader" 
#KONTO 5120 "Belysning" 
#KONTO 5130 "V„rme" 
#KONTO 5132 "Sotning" 
#KONTO 5140 "Vatten och avlopp" 
#KONTO 5160 "Renh†lln och st„dning" 
#KONTO 5170 "Rep och underh†ll fastighet" 
#KONTO 5191 "Fastighetsskatt" 
#KONTO 5192 "F”rs„kringsprem fastighet" 
#KONTO 5199 "™vr fastighetskostnader" 
#KONTO 5200 "Hyra anl„ggningstillg†ngar" 
#KONTO 5210 "HYRA INVENTARIER" 
#KONTO 5220 "Hyra inventarier" 
#KONTO 5290 "™vr hyreskostn anl tillg" 
#KONTO 5310 "El f”r drift" 
#KONTO 5380 "Vatten" 
#KONTO 5390 "™vriga br„nslen" 
#KONTO 5400 "F”rbrukningsinventarier/-material" 
#KONTO 5410 "F™RBRUKNINGSINVENTARIER" 
#KONTO 5460 "F™RBR.MATERIAL" 
#KONTO 5480 "Arbetskl„der o skyddsmtrl" 
#KONTO 5500 "Reparation och underh†ll" 
#KONTO 5611 "Drivmedel f”r personbilar" 
#KONTO 5612 "F”rs„kring och skatt f”r personbilar" 
#KONTO 5613 "Reparation och underh†ll av personbilar" 
#KONTO 5615 "Leasing av personbilar" 
#KONTO 5616 "Tr„ngselskatt, avdragsgill" 
#KONTO 5619 "™vriga personbilskostnader" 
#KONTO 5690 "™vr transportmedel" 
#KONTO 5700 "Frakter och transporter" 
#KONTO 5710 "FRAKTER" 
#KONTO 5720 "Tull- och speditionskost" 
#KONTO 5800 "Resekostnader" 
#KONTO 5900 "Reklam och PR" 
#KONTO 5910 "ANNONSERING" 
#KONTO 5911 "MARKNADSF™RINGSKOSTNADER" 
#KONTO 5930 "Reklamtrycksaker" 
#KONTO 5940 "Utst„llning och m„ssor" 
#KONTO 5990 "™vrig reklam" 
#KONTO 6010 "Kataloger och prislistor" 
#KONTO 6040 "Kontokortsavgifter" 
#KONTO 6050 "F”rs„ljningsprovision" 
#KONTO 6060 "Kreditf”rs„ljningskostnad" 
#KONTO 6071 "Representation, avdragsgill" 
#KONTO 6072 "Representation, ej avdragsgill" 
#KONTO 6080 "Bankgarantier" 
#KONTO 6090 "™vriga f”rs„ljningskostnader" 
#KONTO 6100 "Kontorsmateriel/trycksaker" 
#KONTO 6110 "KONTORSMATERIAL" 
#KONTO 6150 "Trycksaker" 
#KONTO 6200 "Tele och post" 
#KONTO 6211 "Telefon" 
#KONTO 6212 "MOBILTELEFONAVG." 
#KONTO 6213 "Mobils”kning" 
#KONTO 6214 "Fax" 
#KONTO 6250 "PORTO" 
#KONTO 6310 "F”retagsf”rs„kringar" 
#KONTO 6320 "Sj„lvrisker" 
#KONTO 6350 "Kundf”rluster" 
#KONTO 6351 "Konstaterade f”rluster p† kundfordringar" 
#KONTO 6352 "Befarade f”rluster p† kundfordringar" 
#KONTO 6380 "F”rluster ”vriga kortfristiga fordringar" 
#KONTO 6390 "™vriga riskkostnader" 
#KONTO 6410 "Styrelsearvode" 
#KONTO 6420 "Ers„ttningar till revisor" 
#KONTO 6430 "Management fees" 
#KONTO 6440 "Źrsredovisn, del†rsrapporter" 
#KONTO 6450 "Bolagsst„mma" 
#KONTO 6490 "™vriga f”rvaltningskostnader" 
#KONTO 6530 "Redovisningstj„nster" 
#KONTO 6540 "IT-tj„nster" 
#KONTO 6550 "Konsultarvoden" 
#KONTO 6570 "Bankkostnader" 
#KONTO 6580 "Advokatkostnader" 
#KONTO 6590 "™vriga externa tj„nster" 
#KONTO 6800 "Inhyrd personal" 
#KONTO 6970 "Tidningar, tidskrifter/facklitteratur" 
#KONTO 6981 "F”reningsavgifter, avdragsgilla" 
#KONTO 6982 "F”reningsavgifter, ej avdragsgilla" 
#KONTO 6991 "™vr externa kostnader, avdragsgilla" 
#KONTO 6992 "™vr externa kostnader, ej avdragsgilla" 
#KONTO 6993 "L„mnade bidrag och g†vor" 
#KONTO 7010 "L”ner kollektivanst„llda" 
#KONTO 7013 "L”ner kollektivanst„llda 18-25 †r" 
#KONTO 7081 "Sjukl”n kollektivanst„llda" 
#KONTO 7082 "Semesterl”n" 
#KONTO 7090 "F”r„ndring av semesterl”neskuld" 
#KONTO 7200 "L”ner tj„nstem„n/f”retagsledare" 
#KONTO 7210 "L”n tj„nstem„n" 
#KONTO 7220 "L”n f”retagsledare" 
#KONTO 7225 "L”n f”retagsledare (l”neskatt)" 
#KONTO 7281 "Sjukl”n tj„nstem„n" 
#KONTO 7282 "Sjukl”ner till ftgledare" 
#KONTO 7285 "Semesterl”n tj„nstem„n" 
#KONTO 7286 "Semesterl”n ftgledare" 
#KONTO 7290 "F”r„ndring av semesterl”neskuld" 
#KONTO 7310 "Kontanta extra ers„ttn" 
#KONTO 7321 "Skattefria traktamenten, Sverige" 
#KONTO 7322 "Skattepliktiga traktamenten, Sverige" 
#KONTO 7323 "Skattefria traktamenten, utlandet" 
#KONTO 7324 "Skattepliktiga traktamenten, utlandet" 
#KONTO 7331 "Skattefria bilers„ttningar" 
#KONTO 7332 "Skattepliktiga bilers„ttningar" 
#KONTO 7333 "Ers„ttning f”r tr„ngselskatt, skattefri" 
#KONTO 7380 "Kostnader f”r f”rm†ner till anst„llda" 
#KONTO 7381 "Kostn f”r fri bostad" 
#KONTO 7382 "Kostn fria/subv m†ltider" 
#KONTO 7385 "Kostn f”r fri bil" 
#KONTO 7389 "™vriga kostn naturaf”rm" 
#KONTO 7390 "Kostnad f”r tr„ngselskattef”rm†n" 
#KONTO 7391 "Resekostn.ers mot utl„gg" 
#KONTO 7399 "Motkontering av f”rm†n" 
#KONTO 7410 "Pensionsf”rs„kringspremier" 
#KONTO 7411 "Kollektiv pensionsf”rs„kr" 
#KONTO 7412 "Indiv pensionsf”rs„kring" 
#KONTO 7490 "™vriga pensionskostnader" 
#KONTO 7510 "Lagstadgade sociala avgifter" 
#KONTO 7519 "Soc.avgifter semesterl”n" 
#KONTO 7530 "S„rskild l”neskatt" 
#KONTO 7531 "L”neskatt" 
#KONTO 7533 "S„rsk l”neskatt pensionsk" 
#KONTO 7560 "Arbetsgivaravgifter 18-25 †r" 
#KONTO 7570 "Premier f”r arbetsmarknadsf”rs„kringar" 
#KONTO 7580 "Gruppf”rs„kringspremier" 
#KONTO 7590 "™vriga sociala och andra avgifter" 
#KONTO 7600 "™vriga personalkostnader" 
#KONTO 7610 "Utbildning" 
#KONTO 7620 "Sjuk- och h„lsov†rd" 
#KONTO 7650 "Sjukl”nef”rs„kring" 
#KONTO 7690 "™vr personalkostnader" 
#KONTO 7810 "Avskr immateriella anl„ggningstillg†ngar" 
#KONTO 7813 "Avskrivningar patent" 
#KONTO 7816 "Avskrivningar hyresr„tt" 
#KONTO 7817 "Avskrivningar goodwill" 
#KONTO 7820 "Avskrivningar byggnader/markanl„ggningar" 
#KONTO 7821 "Avskrivn byggnader" 
#KONTO 7822 "Avskrivn byggnadsinv" 
#KONTO 7824 "Avskrivn markanl„ggn" 
#KONTO 7830 "Avskrivningar p† maskiner/inventarier" 
#KONTO 7831 "Avskrivn arbetsmaskiner" 
#KONTO 7832 "Avskrivn inventarier" 
#KONTO 7834 "Avskrivn bilar" 
#KONTO 7940 "Orealiserad positiv v„rdef”r„ndr s„kringsinstrumen" 
#KONTO 7960 "Valutakursf”rluster fordringar/skulder" 
#KONTO 7970 "F”rlust avyttring anl„ggningstillg†ngar" 
#KONTO 7972 "F”rlust avyttr fastigheter" 
#KONTO 7973 "F”rlust avyttr maskiner/inv" 
#KONTO 7974 "F”rlust avyttr aktier/andel" 
#KONTO 7990 "™vriga r”relsekostnader" 
#KONTO 8012 "Utdeln sv/utl dotterbolag" 
#KONTO 8200 "R„nteint„kter fr†n anl„ggningstillg†ngar" 
#KONTO 8210 "Utdeln andra sv/utl f”retag" 
#KONTO 8230 "Valutakursdiff l†ngfr fordr" 
#KONTO 8270 "Nedskr andel/lf fordr ”vr ftg" 
#KONTO 8280 "Źterf nedskr and/lf ford ” ftg" 
#KONTO 8290 "Orealiserad v„rdef”r anl„ggningstillg†ngar" 
#KONTO 8300 "R„nteint„kter oms„ttningstillg†ngar" 
#KONTO 8313 "R„nteint„kter kortfristiga fordringar" 
#KONTO 8314 "INT RNTA SKATTEKONTOT" 
#KONTO 8320 "Orealiserad v„rdef”r oms„ttningstillg†ngar" 
#KONTO 8330 "Valutadifferens" 
#KONTO 8331 "Valutakursvinster" 
#KONTO 8336 "Valutakursf”rluster" 
#KONTO 8340 "Utdelningar p† kortfristiga placeringar" 
#KONTO 8350 "Resultat f”rs„ljning kortfr placeringar" 
#KONTO 8370 "Nedskr kortfristiga placeringar" 
#KONTO 8380 "Źterf”r nedskr kortfr placeringar" 
#KONTO 8390 "™vr finansiella int„kter" 
#KONTO 8400 "R„ntekostnader" 
#KONTO 8422 "Dr”jsm†lsr„ntor f”r leverant”rsskulder" 
#KONTO 8431 "Valutakursvinst skulder" 
#KONTO 8436 "Valutakursf”rlust skulder" 
#KONTO 8450 "Orealiserad v„rdef”r skulder" 
#KONTO 8490 "™vriga skuldrelaterade poster" 
#KONTO 8811 "Avs„ttning till periodiseringsfond" 
#KONTO 8819 "Źterf”ring fr†n periodiseringsfond" 
#KONTO 8850 "Avskrivn ”ver/under plan" 
#KONTO 8896 "F”r„ndring lagerreserv" 
#KONTO 8897 "Źterf”ring av SURV" 
#KONTO 8899 "™vriga bokslutsdispositioner" 
#KONTO 8910 "Skatt p† †rets beskattningsbara resultat" 
#KONTO 8999 "Źrets resultat" 


#UB 0 1039 0
#IB 0 1039 0
#UB 0 1060 16
#IB 0 1060 0
#UB 0 1510 730283.8
#IB 0 1510 28231.9
#UB 0 1799 500
#IB 0 1799 500
#UB 0 1820 -500
#IB 0 1820 -500
#UB 0 1910 44211
#IB 0 1910 28749
#UB 0 1915 -347
#IB 0 1915 -347
#UB 0 1920 -220
#IB 0 1920 0
#UB 0 1930 590093.61
#IB 0 1930 23503.11
#UB 0 1940 -45420
#IB 0 1940 -425
#UB 0 2013 -88.45
#IB 0 2013 -88.45
#UB 0 2128 500
#IB 0 2128 500
#UB 0 2129 -351
#IB 0 2129 -351
#UB 0 2151 1254
#IB 0 2151 1254
#UB 0 2152 -1205
#IB 0 2152 -1205
#UB 0 2153 45
#IB 0 2153 45
#UB 0 2190 -210
#IB 0 2190 -210
#UB 0 2195 245
#IB 0 2195 245
#UB 0 2196 54
#IB 0 2196 54
#UB 0 2210 -3255
#IB 0 2210 -3255
#UB 0 2219 5412
#IB 0 2219 5412
#UB 0 2220 -541
#IB 0 2220 -541
#UB 0 2350 121
#IB 0 2350 121
#UB 0 2355 -214
#IB 0 2355 -214
#UB 0 2391 -5245
#IB 0 2391 -5245
#UB 0 2393 -1
#IB 0 2393 -1
#UB 0 2395 2
#IB 0 2395 2
#UB 0 2421 312
#IB 0 2421 -1
#UB 0 2440 39450.89
#IB 0 2440 4685
#UB 0 2610 -12656.94
#IB 0 2610 -12656.94
#UB 0 2611 -258613.27
#IB 0 2611 -16780.54
#UB 0 2615 -4437.33
#IB 0 2615 -4207.33
#UB 0 2630 -131.48
#IB 0 2630 -131.48
#UB 0 2631 0
#IB 0 2631 0
#UB 0 2640 8794.32
#IB 0 2640 8794.32
#UB 0 2641 1779.71
#IB 0 2641 0
#UB 0 2645 4437.33
#IB 0 2645 4207.33
#UB 0 2995 3389
#IB 0 2995 3389


#RES 0 3041 -13994.4
#RES 0 3051 -910601.37
#RES 0 3052 0
#RES 0 3056 -119061.5
#RES 0 3740 -461.2
#RES 0 4010 1990
#RES 0 4020 150
#RES 0 4056 7080
#RES 0 4415 318.4
#RES 0 6060 50
#RES 0 8313 -50
#RES 0 8330 648.8


#UB -1 1510 28231.9
#IB -1 1510 0
#UB -1 1799 500
#IB -1 1799 500
#UB -1 1820 -500
#IB -1 1820 -500
#UB -1 1910 28749
#IB -1 1910 0
#UB -1 1915 -347
#IB -1 1915 0
#UB -1 1930 23503.11
#IB -1 1930 0
#UB -1 1940 -425
#IB -1 1940 0
#UB -1 2013 -88.45
#IB -1 2013 0
#UB -1 2128 500
#IB -1 2128 500
#UB -1 2129 -351
#IB -1 2129 -351
#UB -1 2151 1254
#IB -1 2151 1254
#UB -1 2152 -1205
#IB -1 2152 -1205
#UB -1 2153 45
#IB -1 2153 45
#UB -1 2190 -210
#IB -1 2190 -210
#UB -1 2195 245
#IB -1 2195 245
#UB -1 2196 54
#IB -1 2196 54
#UB -1 2210 -3255
#IB -1 2210 -3255
#UB -1 2219 5412
#IB -1 2219 5412
#UB -1 2220 -541
#IB -1 2220 -541
#UB -1 2350 121
#IB -1 2350 121
#UB -1 2355 -214
#IB -1 2355 -214
#UB -1 2391 -5245
#IB -1 2391 -5245
#UB -1 2393 -1
#IB -1 2393 -1
#UB -1 2395 2
#IB -1 2395 2
#UB -1 2421 -1
#IB -1 2421 0
#UB -1 2440 4685
#IB -1 2440 0
#UB -1 2610 -12656.94
#IB -1 2610 0
#UB -1 2611 -16780.54
#IB -1 2611 0
#UB -1 2615 -4207.33
#IB -1 2615 0
#UB -1 2630 -131.48
#IB -1 2630 0
#UB -1 2640 8794.32
#IB -1 2640 0
#UB -1 2645 4207.33
#IB -1 2645 0
#UB -1 2995 3389
#IB -1 2995 3389


#RES -1 3005 -2020.8
#RES -1 3008 -1200.64
#RES -1 3011 -50627.75
#RES -1 3014 -2188.93
#RES -1 3051 -67172.1
#RES -1 3740 -0.39
#RES -1 4010 6693.6
#RES -1 4515 16829.31
#RES -1 5090 60
#RES -1 5410 6400
#RES -1 5710 5363
#RES -1 5910 2950
#RES -1 5911 4178.23
#RES -1 6200 1465.49
#RES -1 6212 992.8
#RES -1 6250 6485.92
#RES -1 6970 425.5
#RES -1 6991 7205.34
#RES -1 8490 628.5


#VER A 1 20110130 "Kassajournal nr 5" 
{
#TRANS 1940 {} 5
#TRANS 2611 {} -3142.1
#TRANS 3051 {} -12568.4
#TRANS 4010 {} 400
#TRANS 1910 {} 14993
#TRANS 2421 {} 313
#TRANS 1930 {} 594
#TRANS 1910 {} -594
#TRANS 3740 {} -0.5
}
#VER A 2 20110131 "Kassajournal nr 6" 
{
#TRANS 4010 {} 500
#TRANS 1910 {} -500
}
#VER A 3 20110421 "Fakturajournal nr 2" 
{
#TRANS 1510 {} 406626
#TRANS 3051 {} 31011.4
#TRANS 2611 {} 7752.86
#TRANS 3740 {} 0.74
#TRANS 1510 {} -38765
#TRANS 3051 {} -325316.7
#TRANS 2611 {} -81304.2
#TRANS 3740 {} -5.1
}
#VER A 4 20110221 "Inbetalningsjournal nr 3" 
{
#TRANS 1930 {} 352970
#TRANS 6060 {} 50
#TRANS 8313 {} -50
#TRANS 1510 {} -352970
}
#VER A 5 20110222 "Inbetalningsjournal nr 4" 
{
#TRANS 1930 {} 1080
#TRANS 1510 {} -1080
#TRANS 1930 {} -1080
#TRANS 1510 {} 1080
}
#VER A 6 20110131 "Utbetalningsjournal nr 1" 
{
#TRANS 1940 {} -45000
#TRANS 2440 {} 45000
}
#VER A 7 20110228 "Utbetalningsjournal nr 2" 
{
#TRANS 1930 {} 100
#TRANS 2440 {} -100
#TRANS 1930 {} 625
#TRANS 2440 {} 625
#TRANS 1930 {} -625
#TRANS 2440 {} -625
}
#VER A 8 20110315 "Utbetalningsjournal nr 3" 
{
#TRANS 1920 {} -200
#TRANS 2440 {} 280
#TRANS 8330 {} -80
}
#VER A 9 20110131 "Leverant”rsfakturajournal nr 3" 
{
#TRANS 2440 {} -920
#TRANS 4056 {} 920
#TRANS 2645 {} 230
#TRANS 2615 {} -230
}
#VER A 10 20110228 "Leverant”rsfakturajournal nr 4" 
{
#TRANS 2440 {} -625
#TRANS 2641 {} 125
#TRANS 4415 {} 500
#TRANS 2440 {} 725
#TRANS 2641 {} -125
#TRANS 4415 {} -500
#TRANS 4010 {} -100
}
#VER A 11 20110331 "Leverant”rsfakturajournal nr 5" 
{
#TRANS 2440 {} -1474.11
#TRANS 2641 {} 205.71
#TRANS 4010 {} 950
#TRANS 4415 {} 318.4
#TRANS 2440 {} 100
#TRANS 2641 {} -20
#TRANS 4010 {} -80
}
#VER A 12 20110331 "Inbetalningsjournal nr 6" 
{
#TRANS 1930 {} 209801.5
#TRANS 3740 {} -449
#TRANS 8330 {} 728.8
#TRANS 1510 {} -210081.3
}
#VER A 13 20110421 "Inbetalningsjournal nr 8" 
{
#TRANS 1930 {} 3125
#TRANS 1910 {} 1563
#TRANS 1510 {} -4688
}
#VER A 14 20110427 "we" 
{
#TRANS 1039 {} -100
#TRANS 1039 {} 100
}
#VER A 15 20110131 "Fakturajournal nr 3" 
{
#TRANS 1510 {} 84841
#TRANS 3051 {} -67872.6
#TRANS 2611 {} -16968.16
#TRANS 3740 {} -0.24
}
#VER A 16 20110228 "Fakturajournal nr 6" 
{
#TRANS 1510 {} 301922.4
#TRANS 3052 {} 359.2
#TRANS 2611 {} 3289.05
#TRANS 3056 {} 12397
#TRANS 3051 {} 950
#TRANS 2631 {} 30
#TRANS 1510 {} -17025
#TRANS 3051 {} -216259
#TRANS 3056 {} -25290.4
#TRANS 3052 {} -359.2
#TRANS 2631 {} -30
#TRANS 2611 {} -59981.3
#TRANS 3740 {} -2.75
}
#VER A 17 20110324 "Fakturajournal nr 7" 
{
#TRANS 1510 {} 127703.4
#TRANS 3051 {} 200
#TRANS 2611 {} 50
#TRANS 3740 {} 0.04
#TRANS 1510 {} -250
#TRANS 3056 {} -52534.7
#TRANS 3051 {} -50890.81
#TRANS 3041 {} -1999.2
#TRANS 2611 {} -22278.73
}
#VER A 18 20110421 "Fakturajournal nr 8" 
{
#TRANS 1510 {} 240664.07
#TRANS 3051 {} 12000.5
#TRANS 2611 {} 3000.12
#TRANS 3740 {} 0.38
#TRANS 1510 {} -15001
#TRANS 3051 {} -156690.08
#TRANS 3056 {} -45825.07
#TRANS 2611 {} -38147.54
#TRANS 3740 {} -1.38
}
#VER A 19 20110421 "Fakturajournal nr 9" 
{
#TRANS 1510 {} 4688
#TRANS 3051 {} -3750
#TRANS 2611 {} -937.5
#TRANS 3740 {} -0.5
}
#VER A 20 20110531 "Utgiftsjournal nr 7" 
{
#TRANS 1920 {} -20
#TRANS 1060 {} 16
#TRANS 2641 {} 4
}
#VER A 21 20110531 "Leverant”rsfakturajournal nr 9" 
{
#TRANS 2440 {} -1975
#TRANS 2641 {} 375
#TRANS 4010 {} 100
#TRANS 4020 {} 100
#TRANS 4056 {} 1400
}
#VER A 22 20110622 "Leverant”rsfakturajournal nr 10" 
{
#TRANS 2440 {} -6295
#TRANS 2641 {} 1215
#TRANS 4056 {} 4760
#TRANS 4010 {} 220
#TRANS 4020 {} 100
#TRANS 2440 {} 50
#TRANS 4020 {} -50
}
#VER A 23 20110531 "Fakturajournal nr 11" 
{
#TRANS 1510 {} 92563
#TRANS 3051 {} 150
#TRANS 2611 {} 37.5
#TRANS 3740 {} 0.5
#TRANS 1510 {} -188
#TRANS 3051 {} -74069.48
#TRANS 2611 {} -18492.37
#TRANS 3740 {} -1.15
}
#VER A 24 20110430 "Fakturajournal nr 12" 
{
#TRANS 1510 {} 238
#TRANS 3051 {} -200
#TRANS 2611 {} -37.5
#TRANS 3740 {} -0.5
}
#VER A 25 20110630 "Fakturajournal nr 13" 
{
#TRANS 1510 {} 29803
#TRANS 3051 {} 9256
#TRANS 2611 {} 2264
#TRANS 1510 {} -11520
#TRANS 3051 {} -11916
#TRANS 3041 {} -11995.2
#TRANS 2611 {} -5890.3
#TRANS 3740 {} -1.5
}
#VER A 26 20110727 "Fakturajournal nr 14" 
{
#TRANS 1510 {} 70610.33
#TRANS 3051 {} 5695
#TRANS 2611 {} 1423.75
#TRANS 3740 {} 0.25
#TRANS 1510 {} -7119
#TRANS 3056 {} -7808.33
#TRANS 3051 {} -50331.2
#TRANS 2611 {} -12470.31
#TRANS 3740 {} -0.49
}
