#FLAGGA 0
#PROGRAM "BL Administration" 2021.3.104
#FORMAT PC8
#GEN 20210914 "1 Anders Engman"
#SIETYP 4
#FNR "4"
#ORGNR 198605100000
#FNAMN "4 - Testbolaget Enskild firma"
#FTYP E
#RAR 0 20210101 20211231
#TAXAR 2022
#KPTYP EUBAS97
#KONTO 1110 "Byggnader"
#KONTO 1119 "Ackumulerade avskrivningar p† byggnader"
#KONTO 1220 "Inventarier och verktyg"
#KONTO 1229 "Ack avskr p† inventarier o verktyg"
#KONTO 1240 "Bilar och andra transportmedel"
#KONTO 1249 "Ack avskr p† bilar och andra trpt.medel"
#KONTO 1350 "Aktier, andelar och v„rdep i andra ftg"
#KONTO 1380 "Andra l†ngfristiga fordringar"
#KONTO 1383 "L„mnade depositioner"
#KONTO 1410 "Lager av r†varor"
#KONTO 1470 "P†g†ende arbeten"
#KONTO 1510 "Kundfordringar"
#KONTO 1511 "Saknas vid import"
#KONTO 1582 "Saknas vid import"
#KONTO 1583 "Saknas vid import"
#KONTO 1610 "Fordringar hos anst„llda"
#KONTO 1630 "Avr„kning f”r skatter och avgifter"
#KONTO 1650 "Momsfordran"
#KONTO 1680 "Andra kortfristiga fordringar"
#KONTO 1710 "F”rutbetalda hyreskostnader"
#KONTO 1720 "F”rutbetalda leasingavgifter"
#KONTO 1730 "F”rutbetalda f”rs„kringspremier"
#KONTO 1740 "F”rutbetalda r„ntekostnader"
#KONTO 1760 "Upplupna r„nteint„kter"
#KONTO 1790 "™vr f”rutbetalda kostn och upplupna int"
#KONTO 1910 "Kassa"
#KONTO 1914 "Saknas vid import"
#KONTO 1920 "Plusgiro"
#KONTO 1921 "TEST"
#KONTO 1930 "F”retagskonto"
#KONTO 2081 "Aktiekapital"
#KONTO 2086 "Reservfond"
#KONTO 2091 "Balanserad vinst eller f”rlust"
#KONTO 2092 "Mottagna/l„mnade koncernbidrag"
#KONTO 2099 "Źrets resultat"
#KONTO 2113 "Periodiseringsfond vid 2013 †rs taxering"
#KONTO 2123 "Periodiseringsfond 2013"
#KONTO 2124 "Periodiseringsfond 2014"
#KONTO 2128 "Periodiseringsfond vid 2008 †rs taxering"
#KONTO 2129 "Periodiseringsfond vid 2009 †rs taxering"
#KONTO 2150 "Ackumulerade ”veravskrivningar"
#KONTO 2330 "Checkr„kningskredit"
#KONTO 2340 "Byggnadskreditiv"
#KONTO 2350 "Andra skulder till kreditinstitut"
#KONTO 2355 "L†n i utl„ndsk valuta till kreditinst"
#KONTO 2390 "™vriga l†ngfristiga skulder"
#KONTO 2420 "F”rskott fr†n kunder"
#KONTO 2424 "Saknas vid import"
#KONTO 2427 "Saknas vid import"
#KONTO 2440 "Leverant”rsskulder"
#KONTO 2490 "™vr kortfr skulder till kreditinst"
#KONTO 2510 "Skatteskulder"
#KONTO 2610 "Utg†ende moms, 25 %"
#KONTO 2614 "Utg moms omv„nd skattskyldighet, 25 %"
#KONTO 2615 "Utg†ende moms import av varor, 25 %"
#KONTO 2620 "Utg†ende moms, 12 %"
#KONTO 2630 "Utg†ende moms, 6 %"
#KONTO 2640 "Ing†ende moms"
#KONTO 2644 "Ing†ende moms omv„nd skattskyldighet"
#KONTO 2650 "Redovisningskonto f”r moms"
#KONTO 2660 "S„rskilda punktskatter"
#KONTO 2710 "Personalskatt"
#KONTO 2730 "Lagst soc avg och s„rskild l”neskatt"
#KONTO 2760 "Semestermedel"
#KONTO 2794 "Fackf”reningsavgifter"
#KONTO 2810 "Avr„kning f”r factoring"
#KONTO 2820 "Skulder till anst„llda"
#KONTO 2840 "Kortfristiga l†neskulder"
#KONTO 2890 "™vriga kortfristiga skulder"
#KONTO 2910 "Upplupna l”ner"
#KONTO 2920 "Upplupna semesterl”ner"
#KONTO 2941 "Ber„knade uppl lagstadgade sociala avg"
#KONTO 2942 "Ber„knad upplupen l”neskatt f”r l”ner"
#KONTO 2960 "Upplupna r„ntekostnader"
#KONTO 2980 "Upplupna avtalskostnader"
#KONTO 2990 "™vr upplupna kostn och f”rutbetalda int"
#KONTO 2999 "OBS-konto"
#KONTO 3001 "Saknas vid import"
#KONTO 3002 "Saknas vid import"
#KONTO 3005 "Saknas vid import"
#KONTO 3010 "F”rs„ljning"
#KONTO 3500 "Fakturerade kostnader"
#KONTO 3520 "Fakturerade frakter"
#KONTO 3690 "™vriga sidoint„kter"
#KONTO 3740 "™resutj„mning"
#KONTO 3910 "Hyres- och arrendeint„kter"
#KONTO 3960 "Valutakursvinster"
#KONTO 3973 "Vinst vid avyttring av maskiner och inv"
#KONTO 3981 "Erh†llna EU-bidrag"
#KONTO 3985 "Erh†llna statliga bidrag"
#KONTO 3987 "Erh†llna kommunala bidrag"
#KONTO 3989 "™vriga erh†llna bidrag"
#KONTO 3990 "™vriga ers„ttningar och int„kter"
#KONTO 4010 "Ink”p material och varor"
#KONTO 4425 "Ink”pta tj„nster i Sverige, omv.moms 25%"
#KONTO 4515 "Ink”p av varor fr†n annat EU-land, 25%"
#KONTO 4600 "Legoarbeten och underentreprenader"
#KONTO 5010 "Lokalhyra"
#KONTO 5020 "El f”r belysning"
#KONTO 5050 "Lokaltillbeh”r"
#KONTO 5060 "St„dning och renh†llning"
#KONTO 5070 "Reparation och underh†ll av lokaler"
#KONTO 5090 "™vriga lokalkostnader"
#KONTO 5210 "Hyra av maskiner"
#KONTO 5220 "Hyra av inventarier och verktyg"
#KONTO 5410 "F”rbrukningsinventarier"
#KONTO 5420 "Programvaror"
#KONTO 5440 "F”rbrukningsemballage"
#KONTO 5460 "F”rbrukningsmaterial"
#KONTO 5520 "Reparation och underh†ll av inventarier"
#KONTO 5580 "Underh†ll och tv„tt av arbetskl„der"
#KONTO 5610 "Personbilskostnader"
#KONTO 5611 "Drivmedel f”r personbilar"
#KONTO 5612 "F”rs„kring och skatt f”r personbilar"
#KONTO 5613 "Reparation och underh†ll av personbilar"
#KONTO 5615 "Leasing av personbilar"
#KONTO 5616 "Tr„ngselskatt, avdragsgill"
#KONTO 5619 "™vriga personbilskostnader"
#KONTO 5710 "Frakter och transporter"
#KONTO 5810 "Biljetter"
#KONTO 5820 "Hyrbilskostnader"
#KONTO 5830 "Kost och logi"
#KONTO 5890 "™vriga resekostnader"
#KONTO 5910 "Annonsering"
#KONTO 5920 "Utomhus- och trafikreklam"
#KONTO 5930 "Reklamtrycksaker och direktreklam"
#KONTO 5940 "Utst„llningar och m„ssor"
#KONTO 5960 "Varuprover, reklamg†vor, presentreklam"
#KONTO 5990 "™vriga kostnader f”r reklam och PR"
#KONTO 6010 "Kataloger, prislistor m m"
#KONTO 6050 "F”rs„ljningsprovisioner"
#KONTO 6060 "Kreditf”rs„ljningskostnader"
#KONTO 6071 "Representation, avdragsgill"
#KONTO 6072 "Representation, ej avdragsgill"
#KONTO 6090 "™vriga f”rs„ljningskostnader"
#KONTO 6110 "Kontorsmateriel"
#KONTO 6150 "Trycksaker"
#KONTO 6210 "Telekommunikation"
#KONTO 6230 "Datakommunikation"
#KONTO 6250 "Postbefordran"
#KONTO 6310 "F”retagsf”rs„kringar"
#KONTO 6350 "F”rluster p† kundfordringar"
#KONTO 6360 "Garantikostnader"
#KONTO 6370 "Kostnader f”r bevakning och larm"
#KONTO 6420 "Ers„ttningar till revisor"
#KONTO 6530 "Redovisningstj„nster"
#KONTO 6540 "IT-tj„nster"
#KONTO 6550 "Konsultarvoden"
#KONTO 6560 "Serviceavgifter till branschorganisation"
#KONTO 6570 "Bankkostnader"
#KONTO 6590 "™vriga externa tj„nster"
#KONTO 6970 "Tidningar, tidskrifter och facklitt"
#KONTO 6981 "F”reningsavgifter, avdragsgilla"
#KONTO 6982 "F”reningsavgifter, ej avdragsgilla"
#KONTO 6991 "™vriga externa kostnader, avdragsgilla"
#KONTO 6992 "™vriga externa kostnader, ej avdr.gilla"
#KONTO 6993 "L„mnade bidrag och g†vor"
#KONTO 7010 "L”ner till kollektivanst„llda"
#KONTO 7090 "F”r„ndring av semesterl”neskuld"
#KONTO 7210 "L”ner till tj„nstem„n"
#KONTO 7220 "L”ner till f”retagsledare"
#KONTO 7310 "Kontanta extraers„ttningar"
#KONTO 7321 "Skattefria traktamenten, Sverige"
#KONTO 7322 "Skattepliktiga traktamenten, Sverige"
#KONTO 7323 "Skattefria traktamenten, utlandet"
#KONTO 7324 "Skattepliktiga traktamenten, utlandet"
#KONTO 7331 "Bilers„ttningar, skattefria"
#KONTO 7332 "Bilers„ttningar, skattepliktiga"
#KONTO 7370 "Representationsers„ttningar"
#KONTO 7380 "Kostnader f”r f”rm†ner till anst„llda"
#KONTO 7390 "™vriga kostnadsers„ttningar och f”rm†ner"
#KONTO 7410 "Pensionsf”rs„kringspremier"
#KONTO 7460 "Pensionsutbetalningar"
#KONTO 7510 "Lagstadgade sociala avgifter"
#KONTO 7519 "Soc avg f”r semester- och l”neskuld"
#KONTO 7530 "S„rskild l”neskatt"
#KONTO 7570 "Premier f”r arbetsmarknadsf”rs„kringar"
#KONTO 7580 "Grupplivf”rs„kringspremier"
#KONTO 7590 "™vr soc och andra avg enligt lag o avtal"
#KONTO 7610 "Utbildning"
#KONTO 7620 "Sjuk- och h„lsov†rd"
#KONTO 7631 "Personalrepresentation, avdragsgill"
#KONTO 7632 "Personalrepresentation, ej avdragsgill"
#KONTO 7690 "™vriga personalkostnader"
#KONTO 7810 "Avskrivningar p† immateriella anl.tillg"
#KONTO 7820 "Avskrivningar p† byggnader och markanl"
#KONTO 7830 "Avskrivningar p† maskiner och inv"
#KONTO 7960 "Valutakursf”rluster"
#KONTO 7973 "F”rlust vid avyttring av mask o invent"
#KONTO 8310 "R„nteint„kter fr†n oms„ttningstillg†ngar"
#KONTO 8311 "R„nteint„kter fr†n bank"
#KONTO 8314 "Skattefria r„nteint„kter"
#KONTO 8390 "™vriga finansiella int„kter"
#KONTO 8410 "R„ntekostnader f”r l†ngfristiga skulder"
#KONTO 8421 "R„ntekostnader till kreditinstitut"
#KONTO 8423 "R„ntekostnader f”r skatter och avgifter"
#KONTO 8490 "™vriga skuldrelaterade poster"
#KONTO 8710 "Extraordin„ra int„kter"
#KONTO 8750 "Extraordin„ra kostnader"
#KONTO 8811 "Avs„ttning till periodiseringsfond"
#KONTO 8819 "Źterf”ring fr†n periodiseringsfond"
#KONTO 8850 "F”r„ndring av ”veravskrivningar"
#KONTO 8910 "Skatt p† †rets beskattningsbara resultat"
#KONTO 8999 "Źrets resultat"
#SRU 1110 7210
#SRU 1119 7210
#SRU 1220 7212
#SRU 1229 7212
#SRU 1240 7212
#SRU 1249 7212
#SRU 1350 7213
#SRU 1380 7213
#SRU 1383 7213
#SRU 1410 7240
#SRU 1470 7240
#SRU 1510 7250
#SRU 1511 7250
#SRU 1582 7250
#SRU 1583 7250
#SRU 1610 7260
#SRU 1630 7260
#SRU 1650 7260
#SRU 1680 7260
#SRU 1710 7260
#SRU 1720 7260
#SRU 1730 7260
#SRU 1740 7260
#SRU 1760 7260
#SRU 1790 7260
#SRU 1910 7280
#SRU 1914 7280
#SRU 1920 7280
#SRU 1921 7280
#SRU 1930 7280
#SRU 2081 7300
#SRU 2086 7300
#SRU 2091 7300
#SRU 2092 7300
#SRU 2099 7300
#SRU 2113 7320
#SRU 2123 7320
#SRU 2124 7320
#SRU 2128 7320
#SRU 2129 7320
#SRU 2150 7320
#SRU 2330 7380
#SRU 2340 7380
#SRU 2350 7380
#SRU 2355 7380
#SRU 2390 7380
#SRU 2420 7383
#SRU 2424 7383
#SRU 2427 7383
#SRU 2440 7382
#SRU 2490 7383
#SRU 2510 7381
#SRU 2610 7381
#SRU 2614 7381
#SRU 2615 7381
#SRU 2620 7381
#SRU 2630 7381
#SRU 2640 7381
#SRU 2644 7381
#SRU 2650 7381
#SRU 2660 7381
#SRU 2710 7381
#SRU 2730 7381
#SRU 2760 7383
#SRU 2794 7383
#SRU 2810 7383
#SRU 2820 7383
#SRU 2840 7383
#SRU 2890 7383
#SRU 2910 7383
#SRU 2920 7383
#SRU 2941 7383
#SRU 2942 7383
#SRU 2960 7383
#SRU 2980 7383
#SRU 2990 7383
#SRU 2999 7383
#SRU 3001 7400
#SRU 3002 7400
#SRU 3005 7400
#SRU 3010 7400
#SRU 3500 7400
#SRU 3520 7400
#SRU 3690 7400
#SRU 3740 7400
#SRU 3910 7400
#SRU 3960 7401
#SRU 3973 7400
#SRU 3981 7401
#SRU 3985 7401
#SRU 3987 7401
#SRU 3989 7401
#SRU 3990 7401
#SRU 4010 7500
#SRU 4425 7500
#SRU 4515 7500
#SRU 4600 7500
#SRU 5010 7501
#SRU 5020 7501
#SRU 5050 7501
#SRU 5060 7501
#SRU 5070 7501
#SRU 5090 7501
#SRU 5210 7501
#SRU 5220 7501
#SRU 5410 7501
#SRU 5420 7501
#SRU 5440 7501
#SRU 5460 7501
#SRU 5520 7501
#SRU 5580 7501
#SRU 5610 7501
#SRU 5611 7501
#SRU 5612 7501
#SRU 5613 7501
#SRU 5615 7501
#SRU 5616 7501
#SRU 5619 7501
#SRU 5710 7501
#SRU 5810 7501
#SRU 5820 7501
#SRU 5830 7501
#SRU 5890 7501
#SRU 5910 7501
#SRU 5920 7501
#SRU 5930 7501
#SRU 5940 7501
#SRU 5960 7501
#SRU 5990 7501
#SRU 6010 7501
#SRU 6050 7501
#SRU 6060 7501
#SRU 6071 7501
#SRU 6072 7501
#SRU 6072 7601
#SRU 6090 7501
#SRU 6110 7501
#SRU 6150 7501
#SRU 6210 7501
#SRU 6230 7501
#SRU 6250 7501
#SRU 6310 7501
#SRU 6350 7501
#SRU 6360 7501
#SRU 6370 7501
#SRU 6420 7501
#SRU 6530 7501
#SRU 6540 7501
#SRU 6550 7501
#SRU 6560 7501
#SRU 6570 7501
#SRU 6590 7501
#SRU 6970 7501
#SRU 6981 7501
#SRU 6982 7501
#SRU 6982 7601
#SRU 6991 7501
#SRU 6992 7501
#SRU 6992 7601
#SRU 6993 7501
#SRU 7010 7502
#SRU 7090 7502
#SRU 7210 7502
#SRU 7220 7502
#SRU 7310 7502
#SRU 7321 7502
#SRU 7322 7502
#SRU 7323 7502
#SRU 7324 7502
#SRU 7331 7502
#SRU 7332 7502
#SRU 7370 7502
#SRU 7380 7502
#SRU 7390 7502
#SRU 7410 7502
#SRU 7460 7502
#SRU 7510 7502
#SRU 7519 7502
#SRU 7530 7502
#SRU 7570 7502
#SRU 7580 7502
#SRU 7590 7502
#SRU 7610 7502
#SRU 7620 7502
#SRU 7631 7502
#SRU 7632 7502
#SRU 7632 7601
#SRU 7690 7502
#SRU 7810 7505
#SRU 7820 7504
#SRU 7830 7505
#SRU 7960 7503
#SRU 7973 7503
#SRU 8310 7403
#SRU 8311 7403
#SRU 8314 7403
#SRU 8314 7700
#SRU 8390 7403
#SRU 8410 7503
#SRU 8421 7503
#SRU 8423 7503
#SRU 8423 7601
#SRU 8490 7403
#SRU 8710 7403
#SRU 8750 7403
#SRU 8811 7503
#SRU 8819 7403
#SRU 8819 7608
#SRU 8850 7504
#SRU 8910 7503
#SRU 8999 7440
#UB 0 1910 101.00
#UB 0 1920 -101.00
#VER A 1 20210101 "test" 20210914 "#1 Anders Engman"
{
#TRANS 1910 {} 100.00 20210101 ""
#TRANS 1920 {} -100.00 20210101 ""
}
#VER F 1 20210101 "test" 20210914 "#1 Anders Engman"
{
#TRANS 1910 {} 1.00 20210101 ""
#TRANS 1920 {} -1.00 20210101 ""
}
